3216 5082
330 345 395 410 516
564 363 708 412 Parsada
732 360 959 412 terminals
982 364 1243 412 urmrrnrmcna

329 503 509 571 Brunnium
527 510 676 572 nostrum
695 507 812 590 licebit,
837 507 999 572 artificum
1016 507 1176 572 Italorum
1194 506 1354 590 paucitati
1372 528 1476 572 novus

329 612 397 678 sive
421 613 538 678 artifex
563 613 631 676 sive
654 613 764 697 opifex
779 610 814 677 (l.
833 612 993 678 Anicius
1012 611 1046 678 L.
1066 611 1117 678 St.
1141 613 1162 677 l.
1180 611 1475 677 Praenestinus:

329 718 461 784 accedat
479 719 550 802 ipse
568 719 684 784 titulus
703 741 814 799 eorum
832 719 1098 785 documentorum
1120 719 1335 804 multitudini,
1359 718 1475 802 quibus

328 829 491 889 maturum
514 824 614 889 fuisse
638 825 722 909 apud
746 825 976 892 Praenestinos
1004 826 1084 891 artis
1114 849 1207 892 usum
1235 825 1388 909 vitaeque
1410 824 1474 888 cul·
1570 816 1571 894 l

327 934 397 996 tum
421 931 653 1018 elegantiorem
675 932 799 1016 pridem
821 937 1027 1018 perspectum
1050 938 1109 1000 est.
1570 917 1571 954 ³

416 1037 533 1102 Restat
564 1043 601 1104 ut
632 1060 700 1104 rem
732 1041 981 1124 grammaticam
1013 1043 1124 1124 paucis
1156 1039 1373 1125 expediamus.
1427 1039 1472 1103 Ac

327 1145 467 1230 primum
492 1144 620 1229 quidem
639 1145 791 1228 Apolonis
812 1145 988 1211 declinatio
1013 1169 1095 1231 quae
1119 1151 1152 1212 et
1170 1147 1319 1230 exempla
1336 1145 1472 1211 haberet

328 1257 361 1318 et
380 1275 476 1337 quam
500 1251 673 1336 rationem,
696 1251 777 1317 satis
801 1253 879 1317 olim
902 1252 1085 1338 disputasse
1108 1252 1253 1318 videmur
1271 1251 1377 1318 Musei
1394 1252 1472 1336 phil.

327 1359 429 1423 Rhen.
452 1363 475 1424 t
494 1356 557 1422 ΧΠ
580 1379 610 1441 p.
628 1357 690 1422 109
710 1360 743 1422 et
760 1357 826 1422 476
841 1381 889 1442 sq.
909 1361 965 1440 [=
980 1358 1097 1443 Opusc.
1115 1357 1148 1424 Π
1167 1380 1196 1443 p.
1210 1358 1277 1424 493
1291 1359 1387 1443 sqq.],
1408 1381 1470 1442 qno

328 1464 408 1529 adde
430 1485 534 1549 nuper
552 1463 638 1527 dicta
656 1461 690 1528 P.
705 1461 740 1528 L.
753 1461 797 1526 M.
811 1461 849 1528 E.
872 1463 987 1528 Enarr.
1009 1464 1076 1549 p.3
1095 1467 1129 1528 et
1141 1463 1227 1548 99.*)
1345 1465 1470 1531 Deinde

326 1572 486 1655 mapisteri
508 1569 586 1636 dieti
609 1593 668 1655 pro
691 1570 850 1654 mapbtns
871 1593 937 1636 non
956 1571 1053 1637 modo
1073 1571 1256 1656 offensioni,
1280 1572 1335 1638 sed
1353 1595 1394 1638 ne
1413 1573 1470 1638 mi·

326 1678 447 1744 rationi
471 1677 601 1763 quidem
625 1678 683 1742 ulli
712 1681 796 1742 sunt.
843 1675 927 1753 Quid
950 1679 1036 1743 enim
1060 1700 1179 1764 quaeso
1203 1678 1412 1764 discriminis,
1444 1679 1469 1744 si

189 1787 202 1812 ⁰
326 1787 486 1852 rationem
514 1789 654 1870 spectas,
685 1784 771 1850 inter
797 1784 888 1848 illam
918 1783 1056 1850 formam
1084 1789 1118 1850 et
1144 1784 1204 1850 has
1232 1791 1284 1850 sat
1306 1787 1469 1852 confessas
1572 1815 1573 1840 1

326 1893 499 1958 intercedit
512 1913 594 1976 quae
614 1895 691 1956 sunt
709 1893 832 1956 ἀθωίενα
850 1891 959 1955 dcatra
976 1893 1218 1971 dextrovorsum,
1236 1914 1349 1976 umero
1366 1915 1469 1976 aspro,

326 1998 431 2078 infero
448 1998 546 2083 infra,
562 1999 737 2081 percoctam
749 1999 902 2079 penelam
921 2019 993 2062 cum
1012 1999 1168 2064 similium
1188 1999 1404 2085 multitudine,
1422 2023 1467 2065 ca-

327 2105 423 2170 lecare
441 2101 599 2192 (muare)
618 2106 743 2184 calcare,
766 2103 914 2170 Hercules
928 2105 1055 2172 Hercles
1072 2107 1176 2192 hcrclq
1198 2107 1276 2172 item
1294 2106 1469 2174 Pennana
1573 2110 1574 2140 ¹

328 2212 485 2278 Tecmassa
508 2233 580 2276 cum
602 2211 772 2276 finitimis?
796 2211 880 2296 quod
905 2232 1006 2298 genus
1025 2213 1211 2278 universum
1235 2197 1379 2278 breviter
1400 2236 1469 2297 per·

326 2318 429 2384 secuti
453 2339 564 2382 sumus
587 2316 729 2385 Monam.
753 2319 854 2403 epigr.
877 2319 977 2384 trium
999 2341 1030 2404 p.
1048 2318 1095 2383 IX
1116 2321 1229 2403 [supra
1252 2341 1282 2404 p.
1304 2321 1381 2402 172]
1402 2343 1470 2406 sqq.

326 2423 402 2492 Solo
425 2425 527 2512 igitur
550 2425 710 2490 arbitratu
731 2425 862 2510 linguae
880 2425 1042 2510 posterior
1061 2430 1151 2490 aetas
1170 2426 1354 2508 maqcstmm
1372 2427 1468 2492 simul

325 2538 359 2600 et
383 2533 596 2618 maynardum
623 2533 788 2618 probavit,
825 2535 862 2597 ut
888 2533 1067 2598 ministram
1095 2537 1128 2598 et
1154 2534 1374 2599 ministeriam:
1411 2557 1469 2619 pro

325 2642 452 2727 quibus,
476 2641 503 2706 si
527 2639 624 2705 modo
647 2639 836 2724 placuisset,
863 2642 994 2724 poterat
1017 2639 1116 2704 etiam
1138 2641 1335 2724 mpietatem
1357 2643 1392 2704 et
1412 2641 1468 2704 mi·

324 2749 472 2841 amiciam
491 2745 638 2811 adscisci.
665 2744 705 2810 In
723 2745 775 2810 his
795 2749 903 2810 autem
922 2745 984 2810 etsi
1003 2746 1181 2812 subsistere
1198 2769 1341 2831 possum,
1359 2751 1470 2813 tamen

324 2877 390 2920 non
421 2853 557 2919 verebor
586 2852 672 2916 ultra
703 2851 856 2936 progredi
887 2852 1111 2918 ratiocinando
1143 2875 1278 2937 eamque
1307 2854 1467 2920 rationem

325 2962 390 3024 iam
427 2958 640 3025 confidentius
678 2945 902 3022 commendare
940 2980 1037 3042 quam
1073 2959 1094 3024 l.
1122 2982 1146 3025 s.
1174 2983 1198 3026 s.
1228 2983 1258 3044 p.
1281 2959 1328 3025 XI
1358 2961 1469 3045 [supra

324 3087 355 3148 p.
377 3065 454 3146 174]
478 3064 587 3128 adnot.
610 3083 682 3144 cum
706 3061 908 3127 dubitatione
932 3064 1171 3148 significabam:
1195 3071 1231 3132 ut
1254 3066 1374 3149 triplici
1398 3090 1468 3132 sue-

325 3172 483 3256 eessione,
510 3169 578 3234 sive
601 3167 843 3255 quadruplicem
871 3169 1004 3254 dixeris,
1036 3171 1151 3256 lingua
1173 3173 1322 3238 credatur
1348 3195 1368 3238 a
1391 3173 1469 3238 mol·

269 3313 271 3318 ·
325 3277 462 3343 lioribus
484 3275 597 3342 formis
621 3299 736 3342 exorsa
755 3277 796 3342 ad
815 3281 1052 3343 contractarum
1074 3280 1282 3362 asperitatem
1300 3281 1469 3344 transiisse

323 3387 358 3450 in
382 3408 481 3471 eaque
504 3407 563 3470 per
585 3389 706 3450 certam
730 3388 870 3450 aetatem
894 3388 1081 3450 constanter
1110 3386 1306 3469 perstitisse,
1338 3387 1380 3450 ab
1407 3385 1467 3450 hac

324 3496 432 3558 autem
455 3493 574 3558 duritie
597 3515 656 3576 per
674 3492 842 3558 decursum
867 3492 985 3557 saeculi
1005 3491 1111 3575 quinti
1135 3491 1176 3556 ad
1199 3491 1371 3576 pristinam
1395 3515 1467 3556 sua-

323 3601 459 3666 vitatem
482 3622 611 3666 reversa
638 3601 684 3664 eis
707 3599 836 3664 demum
864 3599 1079 3682 temporibus,
1107 3599 1223 3684 quibus
1246 3603 1297 3664 est
1319 3622 1340 3664 a
1361 3600 1467 3684 poetis

288 3733 311 3774 x
326 3711 359 3772 et
377 3706 590 3791 scriptoribus
609 3707 744 3790 exculta,
763 3706 945 3790 asperiores
964 3705 1086 3770 formas
1104 3710 1192 3772 certo
1211 3710 1466 3791 temperamento

323 3836 395 3880 cum
418 3813 536 3878 dilectu
559 3810 699 3895 quodam
723 3811 943 3877 resuscitasse.
990 3809 1082 3888 Quod
1105 3832 1207 3898 genus
1231 3813 1331 3878 latius
1354 3816 1465 3898 patere

322 3919 524 4004 intellegitur
559 3939 655 4002 qnam
688 3917 741 3983 eui
772 3939 844 3983 eum
875 3919 1056 4003 pulvisculo
1089 3919 1303 3987 exhauriendo
1336 3920 1389 3986 hic
1422 3921 1466 3986 sit

321 4028 413 4093 locus
437 4025 543 4092 datus.
647 4025 758 4092 Tertio
781 4027 852 4093 loco
876 4025 1073 4113 designanda
1096 4031 1147 4094 est
1168 4049 1273 4094 corace
1295 4028 1466 4114 scriptura,

410 4291 437 4362 ¹¹)
457 4291 617 4365 [Praeterea
635 4292 722 4348 addas
736 4309 839 4347 novum
854 4291 1013 4362 exemplum
1028 4291 1201 4348 Aponorru
1220 4291 1294 4362 quod
1309 4291 1413 4364 prodiit
1430 4309 1465 4347 ax

321 4379 501 4450 inscriptione
524 4381 642 4450 Calena,
671 4399 742 4451 quae
765 4381 794 4435 in
812 4381 897 4435 tertio
920 4379 1031 4436 Priscae
1055 4381 1133 4436 latin.
1158 4381 1304 4453 epigraph.
1327 4381 1464 4451 supplem.

320 4487 348 4538 p.
365 4469 403 4524 lll
421 4471 504 4540 (inira
522 4489 549 4541 p.
564 4473 626 4538 520)
646 4474 675 4526 et
693 4473 721 4526 in
740 4470 839 4525 tabula
857 4469 968 4524 adiecta
986 4471 1038 4525 sub
1058 4471 1084 4524 A
1103 4469 1181 4525 edita
1199 4473 1249 4525 est.
1287 4469 1316 4526 0.
1332 4469 1389 4540 W·]
