3166 5084
508 414 677 464 Pouuonu
701 415 846 464 nassum
870 415 1018 463 POETAE.
1289 397 1332 460 33

182 557 427 640 disputatorum
451 579 515 623 uno
538 559 572 623 in
592 562 766 642 conspeetu
785 558 993 642 collocemuS,
1016 555 1161 641 proxime
1181 578 1201 620 a
1219 559 1333 639 poetae

176 685 278 728 maun
315 663 400 730 hane
438 666 552 731 abesse
589 665 823 746 recontinuati¹
845 665 1009 746 carminis,
1050 663 1134 747 quod
1168 684 1240 726 eum
1275 661 1333 726 ali-

176 794 244 856 qua
280 771 452 858 voluptate
488 773 629 858 legatur,
670 772 811 858 speciem
852 771 1074 836 existimamus
1112 791 1209 853 quam
1248 767 1334 834 intra

175 877 359 962 posuimus.
1294 862 1309 870 ’

290 1020 347 1086 Ne
371 1043 475 1088 more
499 1021 652 1106 peeoris
677 1021 760 1086 otio
783 1021 1095 1107 transfungerer,
1346 1033 1404 1074 XVI

291 1124 492 1192 Menandri
516 1147 657 1211 paneas
680 1127 786 1192 vorti
810 1127 932 1192 scitas
955 1125 1127 1208 fabulas,
1217 1213 1221 1222 Ι

292 1231 345 1303 nt,
364 1234 475 1318 ipsus
499 1233 616 1298 etiam
640 1233 777 1298 sedulo
800 1233 902 1298 finxi
925 1255 1054 1299 novas.

293 1338 349 1420 Id,
372 1339 605 1426 qualequale
629 1345 701 1424 est,
726 1340 874 1406 chartis
898 1341 1120 1407 mandatum
1143 1339 1207 1404 diu

248 1447 270 1510 5
295 1445 424 1526 [Vitae
448 1448 498 1512 mi
522 1447 697 1533 agundae
721 1447 1004 1514 delectamento
1027 1447 1127 1528 fuit]

296 1551 436 1619 Verum
460 1559 622 1620 vexatus
648 1555 768 1620 animi
791 1555 892 1620 euris
917 1557 1059 1641 anxiis,

295 1658 507 1727 Nonnullis
531 1663 648 1728 etiam
672 1663 846 1747 eorporis
870 1663 1087 1749 doloribus,

296 1766 513 1854 Vtrumque
536 1773 577 1834 ut
600 1775 703 1835 esset
725 1769 860 1836 taedio
884 1769 935 1834 mi
959 1770 1063 1835 ultra
1086 1769 1246 1852 modum,

297 1875 479 1960 Optatam
503 1879 665 1942 mortem
690 1899 770 1942 sum
794 1879 921 1961 aptus:
945 1898 1039 1961 quae
1063 1875 1170 1940 dedit
1192 1873 1288 1938 mihi

235 1983 274 2046 10
296 1979 370 2047 Suo
396 1983 440 2047 de
463 2005 566 2048 more
591 1987 729 2048 cuneta
753 1984 1026 2050 consolamine.

296 2086 368 2152 Vos
392 2089 432 2152 in
456 2091 636 2173 sepulcro
659 2089 798 2155 hocne
822 2091 911 2176 quid
935 2113 1001 2156 oro
1025 2089 1184 2156 laedite:
1249 2131 1261 2152 .

297 2193 402 2270 Quod
426 2195 478 2259 sit
500 2195 736 2280 decimenta,
759 2201 849 2280 post
871 2195 1016 2262 fatales
1040 2197 1167 2260 exitus

296 2299 506 2367 Immodice
529 2285 685 2388 nequis
708 2303 815 2368 vilae
839 2303 1019 2387 scopulos
1043 2303 1215 2384 horreat,

297 2405 387 2472 Cum
412 2407 466 2472 sit
488 2413 649 2492 paratus
673 2412 808 2492 portus
831 2409 1128 2498 flagitantibus,

237 2513 275 2578 15
298 2513 367 2590 Qui
390 2537 459 2580 nos
483 2516 651 2600 excipiat
674 2516 718 2581 ad
742 2517 907 2601 quietem
931 2521 1136 2600 perpetem.

298 2619 364 2686 Set
386 2621 461 2687 iam
485 2623 630 2700 valete,
654 2623 774 2688 donee
797 2622 927 2687 vivere
950 2621 1115 2706 expedit.

244 4639 287 4678 PR.
303 4638 455 4676 lumnam
474 4637 609 4676 ovvscvtl
627 4635 666 4681 IV.
734 4661 737 4668 ,
