3116 5066
286 315 348 378 180
561 333 781 380 nosvnunru
805 333 1042 381 aaransnnrer
1065 333 1156 380 rara,

281 473 372 556 illud,
391 471 476 557 quod
500 496 557 540 suo
581 475 652 540 loeo
675 499 742 541 non
765 477 969 560 praetermisi
994 475 1093 558 [Mon.
1117 498 1169 560 ep.
1190 481 1230 539 tr.
1253 495 1284 557 p.
1307 473 1359 538 29.
1383 473 1428 536 35

281 577 487 665 (152.160)]‚
510 603 547 645 ae
570 581 710 647 fortasse
734 584 832 648 etiam
851 581 1049 650 COIIVVCI
1076 583 1230 668 seriptum
1256 601 1351 666 aegre
1375 601 1428 644 ex-

259 684 439 772 .pedias*),
463 691 496 752 et
519 679 606 752 SIBI
630 693 794 754 exaratum
817 711 882 754 non
906 689 1013 774 possis
1037 711 1102 754 non
1126 689 1218 754 valde
1241 685 1403 752 demirari.

369 793 443 859 Non
477 793 542 860 alia
573 800 670 881 atque
698 793 829 861 VIVOS
860 793 1002 862 VIVOM
1031 795 1227 872 formarum,
1260 793 1343 858 ratio
1376 797 1429 857 est

280 901 450 966 verborum
477 900 647 968 VIVONT
670 901 960 969 CONFLOVONT
983 904 1033 969 vel
1057 899 1336 985 CONFLVONT,
1363 919 1427 984 pro

279 1009 394 1092 quibus
419 1013 494 1074 ante
519 1010 681 1074 saeculum
709 1015 859 1076 octavum
888 1011 1050 1076 exitumve
1073 1010 1205 1094 septimi
1226 1031 1267 1073 ne
1289 1011 1426 1094 potuere

280 1114 410 1200 quidem
437 1114 608 1181 VIVVNT
637 1113 900 1183 CONFLVVNT
929 1119 1037 1184 scribi.
1082 1115 1204 1183 Contra
1226 1138 1293 1182 non
1316 1117 1462 1188 minus·

279 1221 329 1284 vel
362 1221 499 1286 rationis
522 1223 573 1286 vel
606 1225 761 1307 temporis
792 1225 1016 1308 intervallum,
1049 1245 1145 1309 quam
1177 1225 1264 1289 inter
1290 1221 1426 1289 VIVOS

210 1338 266 1378 XVI
280 1326 424 1392 VIVOM
442 1333 475 1392 et
492 1327 735 1395 CORNELIOS
753 1329 918 1417 DONOM,
940 1336 1064 1398 certum
1083 1335 1133 1396 est
1150 1332 1236 1396 inter
1253 1327 1426 1394 VIVONT

278 1434 329 1498 rel
354 1431 617 1502 CONFLVONT
641 1441 737 1522 atque
755 1435 933 1506 PONONT
952 1435 1193 1507 DEDERONT
1215 1435 1427 1500 intercedere.

275 1539 352 1606 Non
383 1541 567 1627 ignoratam
600 1543 819 1620 Quinctiliano
852 1545 878 1630 I,
909 1549 940 1629 4,
972 1547 1012 1611 16
1044 1546 1187 1611 dederont
1216 1544 1412 1626 proboma

275 1647 456 1714 formarum
493 1653 688 1716 vetustatem
726 1653 777 1718 vel
818 1654 1007 1737 superstites
1052 1673 1129 1716 sane
1166 1649 1296 1736 quidam
1333 1649 1425 1714 tituli

275 1758 450 1822 testantur:
479 1757 584 1842 ipsum
612 1757 852 1826 DEDERON'P
879 1761 999 1826 nobilis
1028 1759 1151 1823 lamina
1178 1757 1236 1822 illa
1264 1760 1338 1841 post
1360 1755 1424 1821 Fa-

275 1861 431 1927 brettium
455 1867 489 1928 et
511 1863 676 1930 Maffeium
702 1867 742 1931 ab
762 1865 885 1932 Orellio
908 1889 940 1932 n.
964 1867 1049 1932 3147
1076 1865 1123 1946 [O.
1147 1863 1172 1928 Ι.
1194 1863 1230 1928 L.
1253 1864 1269 1928 Ι
1292 1885 1323 1928 n.
1345 1864 1423 1944 181]

276 1969 423 2052 repetita,
446 1992 508 2053 quo
538 1972 699 2053 pertinent
722 1973 880 2038 etiam·in
903 1973 1150 2038 Pisaurensibus
1173 1968 1325 2036 DEDRO
1348 1969 1425 2036 Dn-

275 2071 392 2139 DROT
415 2075 552 2158 formae3
576 2075 851 2144 COSLNTIONT
876 2078 1038 2163 Scipionis
1061 2077 1199 2143 Barbati
1223 2077 1244 2142 f.
1268 2077 1424 2162 elogium,

275 2184 312 2244 ut
330 2181 459 2246 mittam
479 2183 662 2249 affectatam
681 2185 715 2250 in
734 2183 983 2250 EXFOCIONT
1003 2185 1231 2270 antiquitatem
1250 2185 1423 2250 columnae

274 2291 449 2354 rostratae:
481 2311 558 2354 nam
591 2313 629 2355 ex
656 2291 720 2356 trau
744 2293 851 2374 putero
871 2293 1000 2375 pidaras
1022 2290 1173 2357 Claudiae
1194 2292 1331 2374 sepsstero
1354 2289 1424 2378 (Or.

274 2395 362 2460 4848
388 2393 436 2476 [Ο.
469 2395 495 2462 Ι.
517 2397 554 2462 L.
583 2397 599 2462 I
629 2421 660 2463 n.
687 2395 846 2484 1007])a
878 2397 1068 2482 quibusdam
1098 2397 1262 2483 proditum
1291 2397 1422 2464 NOMI-

273 2499 456 2569 NARONT
481 2504 542 2569 fide
566 2509 662 2588 earet,
685 2505 840 2571 ficticium
865 2505 969 2569 estin
993 2505 1113 2570 fieffieia
1136 2503 1305 2589 Spoletina
1329 2503 1422 2570 Grut

273 2631 303 2691 p.
332 2609 389 2694 95,
422 2611 442 2674 6
471 2607 712 2676 ΒΕΒΕΒΟΝΤ
744 2635 809 2678 una
841 2634 914 2677 eum
941 2609 1210 2677 FAOIONDAM.
1261 2610 1325 2676 Sed
1352 2611 1421 2696 illa,

273 2715 389 2798 quibus
417 2717 513 2800 plura
540 2717 625 2802 quod
654 2720 754 2784 sciam
780 2711 846 2784 non
875 2721 1018 2802 exstant,
1045 2741 1085 2783 ne
1114 2719 1263 2802 quintum
1291 2718 1420 2802 quidem

274 2822 436 2887 saeculum
469 2824 633 2889 excedunt.
684 2825 773 2903 Quod
807 2827 953 2891 insecuta
985 2827 1073 2891 aetas
1106 2825 1248 2908 perrexit
1278 2824 1420 2890 fortasse

272 2949 331 3010 per
363 2928 495 3013 aliquod
527 2933 655 3015 tempus
688 2932 722 2995 in
754 2954 792 2996 eo
825 2953 898 2996 usu:
936 2933 970 2996 in
996 2935 1145 2997 neutram
1179 2931 1263 2996 enim
1291 2933 1419 3014 partem
1538 2919 1539 2947 l

272 3037 402 3116 praesto
436 3041 512 3100 sunt
543 3044 826 3103 monumentorum
859 3039 1024 3123 exempla,
1060 3037 1204 3102 codicum
1236 3057 1335 3101 unum
1367 3057 1414 3100 ne·

271 3140 402 3222 quinaret
432 3140 604 3208 Liuianum
636 3143 722 3229 apud
754 3143 889 3210 Festum
918 3170 949 3231 p.
975 3145 1053 3210 162:
1086 3141 1141 3206 sed
1169 3142 1216 3206 ita
1241 3145 1353 3207 tamen
1382 3145 1419 3206 ut

272 3247 338 3311 iarn
362 3269 446 3312 anno
470 3248 534 3314 568
560 3247 909 3317 CONSOLVERVNT
933 3251 1048 3318 SVNT
1070 3247 1221 3314 LRVNT
1244 3247 1277 3311 in
1301 3245 1369 3313 811-
1379 3247 1417 3312 de

237 3333 252 3362 ⁸
271 3352 488 3420 Baoanalibus
512 3355 676 3442 legantur,
704 3359 781 3423 item
810 3359 941 3443 septimi
972 3357 1090 3424 saeculi
1114 3361 1150 3422 ut
1174 3355 1297 3422 conicio
1321 3354 1415 3419 initio

271 3459 425 3526 EMERV
449 3463 483 3526 in
507 3461 633 3530 Corano
657 3465 755 3530 titulo
784 3467 825 3530 ab
848 3463 1000 3530 Henzeno
1030 3465 1115 3529 edito
1139 3463 1173 3528 in
1196 3461 1314 3526 Annal.
1337 3461 1415 3526 Inst.

272 3567 358 3632 areh.
378 3591 404 3633 a.
427 3571 510 3635 1846
526 3592 555 3654 p.
571 3569 702 3658 254**),
722 3570 907 3638 DANVNT
926 3573 960 3636 in
979 3571 1124 3636 versibus
1140 3569 1282 3650 Somnia,
1300 3565 1415 3632 SVNT

270 3675 304 3739 in
335 3675 475 3741 miliario
508 3675 703 3762 Popillium,
725 3677 874 3763 plurimis
908 3682 1016 3744 autem
1048 3677 1082 3740 in
1115 3675 1243 3740 decreto
1274 3673 1414 3740 Genuati

359 3815 385 3884 ¹¹)
406 3815 458 3886 [Cf.
478 3816 575 3872 Enarr.
595 3835 622 3887 p.
643 3824 689 3872 62:
716 3818 884 3887 ‘Campanus
902 3816 992 3871 musei
1010 3815 1167 3882 Borboniei‚
1190 3813 1210 3869 I.
1230 3815 1262 3871 n.
1281 3813 1316 3869 N.
1335 3819 1414 3880 3789,

271 3903 316 3957 Or.
337 3911 415 3973 6³92,
435 3905 483 3960 ubi
503 3909 597 3960 muron
617 3909 727 3976 praeter
740 3925 837 3962 verum
852 3903 1003 3960 CONIVGI
1018 3921 1178 3975 expressum
1193 3921 1243 3973 pro
1258 3902 1414 3960 comvcr.

271 3993 341 4048 Tam
359 3995 481 4064 antiqui,
506 4012 591 4062 quarn
610 3995 699 4050 habiti
718 4013 778 4050 esse
797 3995 833 4049 ab
852 3995 916 4050 aliis
934 3993 1072 4062 sidentur,
1091 4009 1142 4048 neo
1160 3993 1206 4047 hio
1225 4010 1276 4048 neo
1294 3993 1412 4062 proximi

269 4081 317 4148 qui
335 4083 507 4151 praecedunt
524 4084 600 4138 oredi
619 4085 771 4154 poterant’
810 4083 839 4139 C.
860 4085 916 4152 W.]

339 4172 380 4240 **)
401 4171 514 4243 [Editus
538 4191 612 4228 nuno
630 4177 674 4228 est
692 4174 721 4228 in
740 4175 769 4228 O.
789 4174 809 4226 l.
829 4172 859 4227 L.
881 4174 936 4226 ln.
958 4177 1036 4239 1148ς
1065 4172 1095 4228 P.
1115 4172 1146 4226 L.
1165 4171 1202 4226 ll.
1221 4172 1251 4226 Ε.
1271 4171 1410 4227 anan.

268 4291 300 4299 —
321 4261 417 4316 Enarr.
435 4281 462 4332 p.
483 4269 517 4316 44
536 4263 648 4332 scripsit
665 4261 847 4318 Ritsohelius=
870 4262 916 4316 ‘de
935 4263 1027 4316 aetate
1046 4261 1124 4316 tituli
1142 4259 1264 4330 (Catani)
1283 4260 1410 4316 errabam

268 4347 341 4401 Mon.
367 4350 453 4420 epigr.
478 4355 513 4406 tr.
537 4370 565 4421 p.
585 4351 661 4420 XVI,
684 4352 752 4422 quia
776 4352 810 4406 de
829 4353 850 4406 L
877 4352 989 4405 litterae
1012 4350 1101 4420 figura
1120 4367 1153 4404 ex
1173 4347 1328 4403 Annalibus
1346 4349 1409 4402 lnrt.

268 4436 347 4490 ltoru.
368 4456 392 4490 a.
414 4447 481 4494 1846
500 4459 526 4508 p.
546 4445 598 4493 254
617 4441 687 4494 nihil
706 4439 873 4496 constabat!
912 4439 942 4492 C.
962 4439 1019 4509 W.]
