3246 5082
543 379 750 428 nnmuoavu
773 379 1041 441 surrowssnsss.
1244 345 1247 352 ’
1298 363 1361 428 291

219 519 360 596 Quarum
384 520 568 586 litterarum
591 521 697 588 fracta
719 523 836 590 ultima
853 544 919 589 non
938 527 1048 608 potest
1067 523 1132 587 alia
1150 522 1214 588 nisi
1233 520 1362 588 Vcsse:
1378 548 1403 586 ar

217 625 257 712 V,
281 632 438 711 quantum
461 627 565 713 video,
587 651 654 695 non
678 630 742 696 alio
766 651 783 695 e
806 631 965 696 vocabulo
988 629 1053 696 nisi
1077 628 1228 696 chtam
1250 630 1364 696 relicta

217 755 302 798 esse:
334 735 403 800 voti
431 736 522 801 notio
550 759 615 804 non
644 737 709 804 alio
737 738 801 802 nisi
834 737 874 802 ad
897 759 1018 804 numen
1041 736 1186 802 divinum
1208 741 1388 821 spectare..
1462 723 1464 730 ¹

216 837 292 906 Non
316 844 439 921 autem,
467 842 519 907 cui
542 842 602 908 dco
625 847 738 908 votnm
761 866 818 908 ras
842 844 898 928 sit,
927 843 984 908 sed
1007 845 1062 930 qui
1085 845 1225 928 voverit,
1254 866 1364 930 super.

218 947 312 1012 stites
344 948 378 1014 in
413 948 599 1034 fragmento
636 950 777 1035 litterae,
813 951 877 1016 nisi
909 951 987 1036 quid
1019 973 1070 1016 me
1102 951 1201 1036 fallit,
1239 951 1364 1017 docent.

218 1051 306 1130 Quas
329 1055 438 1122 nescio
466 1078 508 1120 an
537 1078 610 1122 cum
638 1057 747 1143 aliqua
773 1057 1007 1143 probabilitate
1035 1058 1082 1124 sic
1110 1061 1144 1123 et
1170 1059 1366 1144 interpreter

218 1165 252 1226 ct
275 1162 458 1248 suppleam:
1155 1173 1159 1184 ‘

241 1335 403 1354 ........
423 1285 592 1354 PROMOs
613 1287 827 1355 FAMELIAI
851 1288 1006 1356 DONOM
1025 1288 1175 1356 vorem
1195 1289 1351 1356 DEDIT

218 1407 285 1496 (vel
307 1411 500 1498 Dabam,
533 1413 721 1498 praemissis
752 1414 883 1499 quidem
914 1418 948 1479 et
979 1414 1030 1479 dci
1063 1414 1299 1507 appellatione,
1331 1419 1366 1481 et

219 1519 287 1583 eius
310 1519 440 1584 nomine
465 1520 520 1605 qui
549 1543 587 1585 ex
614 1526 692 1587 voto
721 1521 854 1590 donavit
880 1543 1035 1606 promus
1066 1521 1251 1588 familiae.
1295 1522 1365 1588 Neo

219 1625 305 1690 enim
328 1625 446 1691 mirum
469 1625 501 1691 id
526 1627 669 1692 officium
688 1629 936 1694 commemorari
955 1651 976 1693 a
994 1628 1165 1694 donatore:
1187 1629 1273 1714 quod
1291 1651 1364 1714 pro-

219 1731 306 1795 xima
330 1732 371 1820 ab
390 1733 492 1817 ipsius
512 1733 598 1800 vilici
617 1757 749 1800 munere
769 1733 929 1819 dignitate
948 1733 1049 1800 fuisse
1068 1736 1102 1800 in
1120 1735 1247 1801 familia
1260 1735 1365 1801 Varro

219 1838 361 1904 ostendit
385 1839 470 1906 libro
488 1839 505 1905 I
527 1841 575 1906 rei
596 1841 734 1907 rusticae
758 1863 826 1926 cap.
848 1843 898 1925 16,
917 1841 951 1908 5:
976 1841 1102 1927 ‘itaque
1121 1841 1193 1907 ideo
1209 1841 1364 1908 Sasernae

218 1944 302 2010 liber
324 1947 484 2030 praecipit
506 1968 548 2012 ne
572 1948 644 2034 quis
667 1949 708 2013 de
729 1947 830 2013 fundo
861 1953 956 2014 exeat
981 1953 1111 2033 praeter
1138 1947 1300 2015 uilicum
1328 1954 1366 2013 et

217 2073 391 2136 promum
415 2057 447 2118 et
469 2076 568 2120 unum
591 2075 686 2139 quem
705 2055 822 2120 uilicus
841 2055 946 2140 legat:
970 2055 1088 2140 siquis
1110 2060 1225 2120 contra
1243 2055 1366 2140 exierit,

218 2181 258 2224 ne
281 2161 412 2246 impune
435 2160 545 2226 abeat:
574 2161 602 2225 si
630 2161 762 2245 abierit,
789 2165 827 2226 ut
854 2161 888 2226 in
911 2161 1043 2227 uilicum
1067 2155 1365 2227 animaduertatur.'

216 2265 369 2353 Idemque
393 2265 469 2354 (nisi
494 2267 570 2352 quid
595 2271 742 2353 tempora
770 2269 805 2333 in
831 2267 893 2334 hoc
921 2290 1037 2354 genere
1061 2267 1242 2354 mutarunt)
1274 2269 1365 2334 illine

218 2373 367 2458 conligas
391 2365 733 2458 potemptatus
757 2374 936 2440 ‘cendum
960 2375 1148 2458 promum'
1172 2375 1259 2440 dicat
1282 2374 1365 2464 ‘pro-

218 2484 401 2546 curatorem
415 2478 517 2564 pcni'‚
536 2480 601 2564 ipsi
616 2479 763 2545 ‘atriensi
783 2479 1009 2566 imperantem'
1024 2480 1176 2546 Pseuduli
1195 2505 1223 2546 v.
1235 2482 1298 2547 608
1310 2503 1366 2566 sq„

218 2591 461 2672 procuratorem
485 2591 518 2652 et
541 2587 674 2652 vilicum
697 2609 762 2653 non
787 2588 886 2652 semel
906 2586 1019 2653 Cicero
1043 2588 1179 2654 sociavit
1202 2593 1238 2653 ut
1260 2588 1365 2672 digni-

218 2696 287 2758 tate
311 2693 536 2759 antecedentes
559 2693 685 2777 ceteris,
709 2693 749 2758 ad
772 2693 919 2758 Atticum
943 2692 1031 2778 XIV,
1053 2693 1102 2778 16,
1125 2696 1152 2759 1.
1175 2694 1213 2758 de
1237 2699 1318 2760 orat.
1340 2692 1366 2780 Ι,

218 2799 276 2884 58,
300 2799 375 2866 249.
425 2799 485 2866 Oui
514 2801 573 2866 deo
604 2804 717 2868 votum
749 2801 932 2884 donaverit,
965 2802 1109 2868 divinare
1141 2824 1236 2867 nemo
1268 2801 1366 2867 homo

218 2912 339 2992 potest:
369 2907 478 2993 potuit
500 2905 618 2974 Libero
642 2908 693 2974 vel
717 2905 842 2992 Cereri,
870 2909 978 2994 potuit
1000 2908 1152 2994 Laribus,
1183 2909 1234 2974 vel
1257 2910 1366 2993 potius

219 3015 271 3080 cui
294 3036 360 3082 non
383 3015 513 3098 potuit?
555 3015 625 3092 Quo
655 3021 763 3081 autem
792 3016 904 3082 ordine
928 3018 1091 3102 excepisse
1115 3039 1148 3082 sc
1172 3017 1236 3100 dei,
1268 3016 1365 3083 dona·

219 3122 310 3206 toris,
329 3121 512 3187 donationis
531 3124 688 3188 vocabula
707 3124 889 3208 statuimus,
913 3125 1048 3190 eundem
1067 3147 1140 3190 cum
1157 3123 1366 3190 Pisaurenses

219 3229 343 3313 lapides
377 3233 507 3294 servant
539 3228 685 3296 FERON
688 3229 734 3294 [Α
750 3265 756 3278 ·
773 3229 854 3296 STA
868 3265 876 3280 ·
890 3230 1021 3297 ΤΕΤΙΟ
1038 3267 1044 3280 ·
1059 3230 1180 3298 DEDI}
1210 3229 1259 3312 [C.
1282 3231 1307 3298 Ι.
1330 3231 1367 3302 L.

218 3335 289 3400 In.
306 3335 382 3419 1693
406 3335 440 3400 P.
459 3335 494 3402 L.
513 3335 556 3402 M.
575 3336 612 3404 Ε.
635 3337 702 3402 tab.
716 3335 823 3402 XLIII
838 3336 884 3418 B]
910 3342 944 3403 ct
966 3335 1366 3421 morianna-MA-

221 3439 371 3506 TRONA
385 3475 392 3491 ·
407 3439 650 3508 Plsnvfflesn
667 3478 673 3492 ·
688 3440 809 3508 DONO
823 3477 830 3490 ·
845 3441 1025 3508 DEDROT
1051 3441 1100 3523 [Ο.
1115 3443 1138 3508 Ι.
1153 3443 1188 3508 L.
1206 3443 1222 3508 I
1241 3467 1271 3508 n.
1290 3445 1365 3526 173;

219 3547 261 3614 P.
278 3547 313 3616 L.
336 3547 379 3614 M.
402 3548 440 3614 Ε.
468 3549 534 3614 tab.
558 3547 667 3616 XLIII
686 3548 744 3632 Ol,
775 3554 847 3614 tum
878 3549 1045 3614 Romanus
1082 3549 1137 3614 ille
1171 3549 1218 3631 [O.
1244 3549 1268 3615 I.
1292 3548 1366 3614 L.I

178 3718 190 3742 ,
219 3655 349 3740 n.531;
379 3655 629 3741 VI,1n.474;
665 3657 700 3722 P.
724 3655 758 3721 L.
782 3655 825 3721 M.
848 3656 886 3722 u.
914 3655 1085 3738 tabisrl]
1119 3653 1366 3722 Maleum-m.
1481 3651 1485 3658 ’

220 3761 441 3830 CLAVDIVS
460 3798 468 3814 ·
486 3761 521 3828 M
540 3763 588 3844 ·f.
611 3761 768 3846 cONSOIr
789 3798 796 3812 ·
815 3762 922 3848 Dan,
951 3763 1030 3828 item
1053 3761 1236 3828 Florentiae
1266 3783 1368 3847 nuper

220 3871 262 3936 ab
290 3870 326 3936 0.
349 3870 528 3937 Ribbeckio
560 3877 723 3957 repertus,
759 3893 779 3936 a
811 3869 972 3936 Guilelmo
1005 3870 1163 3936 Vischero
1195 3868 1367 3934 Basiliensi

220 3981 333 4062 ectypo
357 3977 529 4044 chartaceo
552 3977 758 4064 expressus*)
782 4012 789 4027 ·
809 4012 815 4026 ·
835 3975 919 4044 ISIO
938 4013 946 4028 ·
965 4012 972 4028 ·
992 3975 1053 4042 AR
1071 4011 1105 4028 ··
1135 3975 1146 4060 ΙΙ
1163 3973 1219 4039 Μ·
1235 3973 1364 4039 Tune-

309 4225 335 4295 *)
354 4225 428 4296 [Hoc
446 4223 537 4280 minus
556 4226 631 4280 recte
651 4226 793 4279 narratum
816 4241 876 4280 esse
900 4223 961 4294 ipse
980 4221 1179 4278 animadvertit
1196 4221 1367 4278 Ritschelius

220 4315 309 4370 Musei
328 4314 416 4369 Rhen.
434 4317 454 4370 t.
474 4313 514 4368 IX
532 4332 558 4384 p.
573 4319 626 4368 454
649 4313 745 4381 adn.;·
763 4313 951 4368 Mommsenus
977 4310 1052 4380 enim
1075 4311 1132 4379 l.*l.
1159 4311 1270 4366 rettulit
1297 4312 1367 4384 lapi·

221 4403 284 4459 dem
298 4403 405 4459 editum
419 4402 542 4472 quidem,
561 4401 688 4471 quamvis
706 4417 805 4472 parum
821 4401 979 4472 diligenter,
997 4400 1055 4454 iam
1073 4417 1091 4454 a
1106 4398 1190 4455 Gorio
1209 4399 1293 4458 Inscr.
1308 4401 1367 4456 Etr.

220 4493 241 4563 1,
262 4499 295 4548 18
314 4512 341 4546 n.
360 4497 395 4546 28
414 4509 487 4562 esse,
511 4492 632 4561 ectypon
654 4494 750 4548 autem
775 4492 954 4547 chartaceum
972 4489 1069 4545 debari
1087 4488 1185 4546 Ottcni
1203 4489 1366 4546 Itibbecldo.

1101 4579 1154 4634 19*
