3254 5090
504 424 789 474 oassavsmouss
813 425 1082 473 arreaarfflora.
1302 407 1367 471 429

223 565 295 630 Hoc
318 567 466 652 exemplo
490 572 619 651 praeter
632 567 852 632 Marinianum
875 591 952 632 usus
971 567 1196 632 Theodorus
1215 565 1368 631 Momm·

224 675 350 758 senus,
383 673 479 738 simul
506 677 615 740 autem
643 674 919 740 admonitionibus
951 675 1143 760 quibusdam
1171 675 1232 738 viri
1260 673 1368 737 claris-

224 781 297 844 simi
319 779 485 852 Adriani
508 780 748 866 Longpe'rier
771 783 909 865 adiutus,
927 782 1059 846 titulum
1074 781 1272 846 Tolosanum
1293 800 1368 843 suae

224 885 273 950 ‘dc
301 887 375 970 lage
397 885 551 952 Visellia’
587 888 800 972 disputationi
832 910 935 972 nuper
966 888 1103 952 inseruit
1135 909 1217 971 quae
1252 889 1302 951 est
1334 886 1369 950 in

223 991 366 1057 Bekkeri
391 992 595 1078 Mutherique
622 995 739 1059 Annal.
766 995 825 1060 iur.
853 993 961 1059 Germ.
988 1016 1102 1058 comm.
1129 995 1192 1058 vol.
1215 992 1247 1056 Il
1278 989 1369 1078 (anui

226 1099 326 1187 1858)
354 1123 384 1185 p.
403 1101 469 1165 335
489 1123 571 1186 sqq:
603 1103 660 1166 ubi
689 1107 721 1167 et
748 1101 868 1166 L·VA
879 1149 1045 1166 ..........
1078 1101 1205 1165 litteras
1235 1100 1269 1163 in
1296 1101 1369 1182 ipso

223 1207 383 1292 principio
407 1230 519 1273 versus
542 1209 640 1292 primi
668 1209 851 1274 conlocavit
878 1212 910 1272 et
939 1230 1143 1273 numerorum
1168 1210 1263 1272 notas
1288 1227 1369 1290 quae

224 1317 301 1379 suut
328 1314 362 1378 in
392 1313 455 1379 fine
483 1313 565 1379 tales
594 1315 741 1380 exhibuit
763 1313 887 1396 ὼὼοο
898 1315 1028 1381 ixxll.
1074 1313 1143 1391 Quo
1173 1316 1269 1398 longe
1297 1334 1368 1398 gra-

224 1421 295 1484 viu‘s
328 1425 379 1485 est
411 1421 510 1504 quod,
542 1443 614 1487 cum
646 1444 663 1486 e
691 1423 884 1505 coaloporum
916 1419 1005 1508 (nam
1033 1421 1092 1486 DE
1108 1457 1114 1469 ·
1129 1419 1370 1504 CONbeparam
1449 1445 1460 1466 .

165 1569 175 1578 -
225 1523 404 1598 SENtenlio
427 1526 595 1592 verissime
614 1529 679 1592 iam
694 1527 852 1594 Marinius
872 1524 1161 1614 interpretabatur)
1183 1549 1298 1593 novem
1319 1527 1369 1591 vel

223 1634 333 1716 potius
361 1633 471 1698 decem
499 1634 681 1699 nominibus
709 1635 742 1706 in
769 1634 876 1718 lapide
904 1635 1032 1718 scriptis
1064 1634 1129 1698 tria
1160 1655 1230 1699 esse
1258 1633 1369 1697 cadem

225 1740 432 1805 observasset
454 1743 551 1826 atque
574 1741 608 1805 in
630 1742 746 1806 mutilo
769 1741 936 1825 prooemio
960 1741 1042 1825 legis
1062 1741 1100 1804 de
1119 1739 1370 1805 Thermensibus

224 1843 344 1910 Pisidia
373 1846 550 1912 maioribus
577 1847 663 1912 latae
687 1853 829 1912 servata:
862 1871 944 1932 quae
968 1851 1044 1912 sunt
1067 1845 1380 1912 O·ANTON1VS'··

224 1951 327 2036 M·F‚
350 1949 730 2038 Ort-coartatam,
759 1952 1205 2030 oFVNDANIVsoF:
1238 1954 1313 2018 hinc
1336 1954 1371 2020 in

224 2057 389 2124 Tolosano
413 2080 537 2144 quoque
560 2060 668 2145 lapide
691 2061 874 2147 conlegium
897 2060 1071 2126 eorundem
1093 2060 1202 2126 decem
1226 2061 1370 2125 tribuno-

224 2187 296 2230 rum
325 2165 367 2249 pl.
395 2165 508 2231 haberi
540 2165 701 2231 intellexit
729 2189 855 2231 summa
886 2189 959 2232 oum
989 2167 1231 2250 probabilitate.
1276 2165 1371 2232 Vnde
1505 2169 1508 2180 '

225 2271 350 2356 eodem,
382 2295 445 2357 quo
469 2272 575 2358 legem
598 2273 691 2337 illam
715 2295 799 2338 anno
823 2273 923 2338 latam
953 2277 1094 2357 constat,
1125 2273 1157 2338 b.
1181 2295 1206 2339 e.
1231 2274 1296 2339 682
1320 2275 1371 2338 vel

225 2379 289 2444 683
317 2379 438 2443 factum
471 2400 540 2443 osse
573 2379 704 2443 titulum
731 2380 929 2445 Tolosanum
959 2381 1179 2465 consequitur:
1212 2380 1245 2444 in
1275 2401 1370 2464 quam

225 2486 353 2570 quidem
384 2489 524 2550 aetatem
556 2485 642 2550 infra
670 2485 839 2569 apparebit
866 2486 970 2569 ipsam
997 2486 1201 2550 litteraturae
1232 2486 1370 2569 speciem

225 2593 397 2657 convenire
421 2595 458 2656 ut
481 2591 567 2676 quod
590 2593 740 2656 maxime.

312 2699 451 2784 Reliqua
479 2699 673 2765 Mommseni
702 2699 879 2783 disputatio
911 2699 945 2763 in
976 2698 1099 2763 duabus
1129 2698 1371 2786 quaestionibus

225 2811 384 2872 versatur:
409 2828 544 2891 quarum
568 2805 672 2872 altera
695 2806 736 2872 ad
754 2826 862 2870 euram
883 2806 1008 2870 marrim
1030 2807 1156 2888 spectat
1179 2827 1252 2869 cum
1270 2806 1370 2871 tribu-

225 2913 310 2978 nicio
338 2935 485 2998 munere,
518 2913 546 2978 si
569 2912 647 2978 fides
674 2911 734 2978 tali
761 2912 874 2998 titulo,
907 2912 1016 2997 aliquo
1044 2912 1171 2978 vinculo
1201 2913 1371 2978 sociatam:
1441 2941 1444 2948 ·

224 3019 329 3084 altera
351 3020 384 3084 in
408 3041 446 3084 eo
470 3020 617 3084 elaborat
639 3023 676 3084 ut
698 3041 797 3084 unam
821 3018 1017 3104 eandemque
1036 3019 1135 3086 fuisse
1159 3024 1371 3086 memoratam

223 3127 258 3190 in
280 3126 342 3192 hoc
366 3126 462 3191 titulo
487 3126 579 3209 teqem
598 3125 757 3192 Vitelliam
786 3130 884 3211 atque
906 3127 997 3192 illam
1020 3125 1192 3192 Viselliam
1215 3128 1372 3212 probetur

225 3257 307 3317 quae
332 3233 372 3298 ad
395 3233 624 3298 libertinorum
654 3233 932 3318 ingenuorumque
960 3234 1182 3300 condicionem
1206 3237 1371 3318 pertinens

225 3361 309 3404 anno
330 3363 360 3405 u.
379 3363 404 3404 e.
421 3341 460 3404 77
465 3341 482 3404 7
503 3341 601 3424 vulgo
620 3339 783 3405 tribuitur.
801 3371 802 3376 ¹
818 3338 1069 3406 commonuerat
1092 3341 1188 3406 huius
1208 3341 1259 3404 ‘de
1276 3342 1371 3406 liber-

224 3445 315 3510 tinis'
342 3447 425 3530 legis
449 3445 605 3511 Viselliae
634 3447 700 3511 iam
728 3445 897 3530 Marinius,
929 3447 1017 3512 nullo
1050 3451 1159 3512 tamen
1191 3447 1219 3511 is
1252 3447 1371 3513 indicio

225 3551 311 3618 facto
335 3555 443 3618 utrum
468 3552 508 3617 ad
531 3553 611 3637 Imp.
635 3552 758 3618 Tiberii
781 3555 922 3618 aetatem
946 3553 1144 3618 Tolosanum
1167 3553 1300 3618 titulum
1324 3577 1371 3619 re·
1386 3573 1406 3612 v

225 3659 325 3724 ferret
348 3681 389 3723 an
413 3659 453 3723 ad
472 3659 594 3724 liberae
616 3660 664 3724 rei
683 3660 832 3744 publicae
851 3665 999 3744 tempora
1017 3661 1123 3745 legem
1143 3659 1182 3725 de
1200 3661 1371 3726 libertinis.

224 3763 297 3831 Hoc
325 3769 433 3830 autem
465 3765 572 3849 ipsum
604 3767 770 3850 amplexus
798 3765 1019 3832 Mommsenus
1048 3789 1089 3831 ne
1116 3789 1212 3851 posse
1242 3768 1371 3852 quidem

225 3874 266 3938 ab
291 3873 366 3938 anni
391 3873 452 3936 777
484 3873 613 3936 consule
636 3873 773 3939 Visellio
802 3871 911 3958 (quem
941 3878 1105 3939 auctorem
1134 3874 1244 3958 opinio
1271 3874 1372 3938 trala-

224 3979 303 4046 ticia
326 3977 466 4064 ferebat)
489 3978 591 4043 latam
611 3981 872 4064 appellatamque
896 3982 1002 4066 legem
1026 4002 1096 4045 esse
1120 3980 1218 4044 evicit
1237 4002 1372 4064 eamque

225 4090 419 4153 sententiam
434 4087 532 4151 etiam
548 4085 716 4151 Rudorffio
735 4088 888 4170 probarit
901 4086 987 4152 Hist.
1006 4087 1086 4152 iuris
1099 4087 1191 4152 Rom.
1210 4086 1244 4151 Π
1261 4109 1292 4171 p.
1307 4087 1371 4153 389

225 4192 393 4280 (editionis
408 4189 565 4279 primae).
616 4189 679 4257 Sed
707 4193 758 4257 vel
786 4193 832 4258 sic
860 4197 970 4257 tamen
998 4215 1071 4258 cum
1100 4193 1144 4258 sit
1164 4192 1310 4276 ¹liberum
1333 4193 1372 4258 de

225 4299 349 4366 duabus
381 4299 508 4385 legibus
536 4297 681 4364 Viselliis
715 4299 859 4384 cogitare
891 4300 1127 4382 imperatorum
1155 4303 1261 4364 aetate
1290 4301 1372 4364 anti-

226 4408 408 4492 quioribus,
440 4409 553 4472 contra
583 4406 639 4471 ille
670 4405 800 4491 longius
832 4425 1023 4490 progressus
1055 4408 1187 4490 propter
1216 4405 1373 4472 rariorem

225 4533 319 4576 usum
334 4513 478 4579 Visellius
495 4513 636 4578 nominis
656 4512 895 4581 subsistendum
917 4513 953 4578 in
975 4533 1041 4579 una
1064 4513 1135 4578 sola
1158 4515 1274 4580 statuit
1297 4516 1372 4579 ante
