3166 5084
705 1162 732 1236 Ι.

401 1333 660 1438 spicilegium
688 1337 1039 1443 epigraphicnm.*)

232 1621 492 1708 Epigraphicam
524 1625 661 1692 latinam
693 1649 761 1692 non
793 1630 844 1692 est
870 1628 987 1692 mirum
1022 1631 1091 1692 tam
1118 1628 1204 1712 apud
1233 1638 1322 1694 noso

142 1729 328 1812 neglectam
352 1731 465 1818 iacere,
489 1755 585 1818 quam
608 1735 720 1819 angeri
744 1733 847 1799 indies
872 1738 905 1798 et
926 1735 1082 1819 perpoliri
1106 1735 1209 1800 doctis
1228 1735 1292 1799 Ita-

16 1884 19 1893 .
142 1836 250 1900 lorum
270 1838 365 1902 curis.
389 1839 513 1906 Invitat
526 1842 612 1906 enim
626 1843 700 1906 illos
718 1843 792 1927 ipsa
806 1847 1089 1908 monumentorum
1103 1843 1297 1928 praesentia,

16 1954 19 2027 j
143 1941 280 2008 adiuvat
307 1945 488 2011 cottidiana
516 1948 713 2014 consuetodo
743 1953 776 2012 et
803 1953 970 2034 tamquam
994 1949 1155 2015 familiare
1183 1949 1224 2014 ab
1248 1950 1297 2012 in·

17 2118 19 2133 Ι
144 2037 241 2116 eunte
266 2055 374 2117 aetate
397 2055 612 2140 consortium,
639 2055 789 2121 hortatur
818 2055 920 2141 ipsius
950 2057 1061 2141 stirpis
1091 2057 1242 2143 cognatio
1265 2059 1298 2122 et

147 2157 309 2223 maiorum
328 2160 510 2245 admiratio,
533 2161 673 2246 impellit
691 2163 852 2228 clarorum
866 2163 1071 2248 popularium
1086 2169 1122 2227 ut
1137 2162 1297 2248 Scipionis

147 2262 272 2350 Maffei,
311 2265 459 2334 Caietani
489 2267 607 2334 Marini
644 2270 833 2354 aemulatio,
872 2270 993 2336 excitat
1025 2271 1205 2335 uberrimus
1237 2291 1298 2335 nec

146 2393 299 2456 umquam
330 2373 536 2442 intermissus
568 2376 780 2442 inexhaustae
812 2381 917 2442 terrae
951 2381 1137 2460 proventus.
1187 2376 1233 2441 Et
1259 2399 1298 2442 ea

147 2479 276 2562 quidem
299 2482 432 2547 ubertas
455 2485 550 2550 tanta
568 2489 627 2569 est,
650 2489 686 2550 ut
710 2485 945 2569 propemodum
964 2505 1031 2550 non
1049 2485 1145 2549 liceat
1164 2484 1296 2549 cordato

146 2585 269 2652 homini
297 2593 330 2653 et
358 2589 399 2654 ab
429 2591 635 2675 antiquitatis
664 2592 781 2657 studiis
809 2613 877 2656 non
909 2591 1016 2656 alieno
1040 2589 1127 2655 adire
1151 2590 1296 2655 dulcissi-

147 2715 270 2759 marum
303 2699 463 2772 terrarum
491 2699 584 2782 fines,
617 2699 695 2784 quin
728 2699 763 2764 in
792 2719 894 2764 novos
924 2697 1081 2782 quosdam
1113 2717 1173 2760 nec
1200 2701 1297 2762 antea

148 2801 296 2885 cognitos
329 2803 455 2888 lapides
487 2805 651 2871 litteratos
679 2807 831 2872 incurrat.
877 2804 983 2870 Huius
1014 2803 1142 2890 generis
1171 2803 1297 2888 aliquot

148 2907 212 2972 sive
236 2909 369 2976 anobis
388 2916 534 2996 repertos
553 2914 621 2979 sive
641 2913 682 2978 ab
702 2915 814 2979 amicis
833 2917 992 2996 acceptos,
1015 2911 1050 2975 in
1068 2911 1120 2975 his
1140 2911 1294 2995 quosdam

149 3013 298 3100 Graecos,
321 3019 490 3084 vobiscum
513 3021 591 3086 olim
622 3020 942 3086 communicabimus
988 3017 1109 3084 Verum
1133 3019 1221 3084 aliud
1246 3023 1296 3083 est

148 3140 248 3204 genus
272 3122 534 3210 inscriptionum,
563 3149 700 3212 quarum
729 3132 786 3192 aut
813 3127 1006 3192 delitescant
1029 3128 1085 3189 aut
1108 3125 1296 3190 evanuerint

148 3227 334 3313 archetypa,
357 3231 414 3296 sed
434 3233 580 3316 exempla
603 3235 728 3298 restent
746 3233 869 3317 scripto
889 3231 1089 3316 consignata.
1117 3230 1203 3296 Nam
1222 3253 1295 3296 cum

147 3339 333 3400 renatorum
360 3337 541 3403 litterarum
576 3341 698 3422 aetate,
736 3343 833 3423 atque
864 3339 936 3423 ipso
965 3338 1044 3403 adeo
1072 3338 1177 3402 medio
1206 3360 1295 3423 aevo,

147 3439 232 3506 haud
256 3443 351 3526 pauci
373 3445 408 3511 in
431 3445 634 3531 congerenda
656 3446 907 3530 inscriptionum
931 3445 1013 3510 silva
1041 3465 1173 3529 operam
1198 3445 1294 3510 collo·

21 3592 24 3613 .
148 3553 258 3612 carent
282 3572 382 3634 suam,
405 3551 527 3618 factum
551 3557 602 3618 est
623 3558 661 3618 ut
680 3575 777 3618 manu
797 3554 991 3638 scriptorum
1010 3552 1167 3617 librorum
1186 3553 1293 3617 multi·

147 3653 292 3720 tudinem
310 3656 484 3724 hodiernae
502 3659 660 3724 Italorum
679 3659 896 3726 bibliothecae
915 3663 1047 3724 teneant
1066 3658 1292 3744 epigraphicas

148 3763 256 3846 copias
274 3763 567 3847 complectentium.
599 3765 687 3842 Quae
710 3771 747 3832 ut
766 3771 841 3832 sunt
860 3789 938 3832 sane
956 3765 1151 3852 Ligorianae
1169 3764 1292 3830 fraudis

150 3853 243 3954 sa‘epe
267 3871 539 3956 suspectissimus,
562 3872 596 3936 id
618 3873 703 3957 qnod
722 3874 757 3938 in
775 3873 952 3938 Vaticanas
970 3872 1177 3957 potissimum
1196 3877 1293 3957 atque

150 3999 186 4042 ex
208 3982 303 4062 parte
325 3977 360 4042 in
383 3977 599 4046 Famesianas
622 3979 882 4066 Barberinasque
906 3979 1040 4046 schedas
1059 3979 1159 4044 cadit:
1182 3985 1292 4046 tamen

149 4107 241 4170 saepe
265 4085 366 4150 etiam
390 4086 494 4152 bonae
516 4086 620 4172 frugis
643 4087 760 4172 plenae
783 4089 1029 4173 cognoscuntur.
1071 4084 1139 4150 Nec
1162 4088 1291 4150 tantum

149 4193 250 4258 valuit
278 4192 403 4278 aliquot
431 4193 631 4260 saeculorum
659 4195 807 4280 quamvis
830 4195 992 4260 indefessa
1014 4193 1232 4278 investigatio,
1255 4199 1292 4258 ut

217 4353 244 4420 ⁸)
263 4350 455 4422 [Prooemium
470 4351 573 4407 Indicis
588 4351 745 4407 scholarum
760 4353 929 4408 aestivarum
944 4351 1206 4408 Vratislavieusinm
1224 4351 1290 4406 anni

148 4435 462 4508 Cloloccoxxxvssu
488 4441 562 4511 qnod
583 4458 752 4511 quamquam
771 4442 935 4512 inscriptum
956 4439 1199 4496 ‘SPICILEGIVM
1219 4439 1291 4494 ltPl·

149 4529 362 4586 GRAPHIGVM
380 4531 404 4584 I’
424 4549 459 4586 ne
479 4531 599 4586 alterum
614 4531 726 4600 quidem
741 4531 823 4585 huius
836 4531 946 4601 generis
960 4533 1086 4586 secutum
1100 4533 1152 4584 est,
1189 4528 1219 4585 C.
1233 4529 1290 4598 W.]

198 4639 239 4676 rs.
254 4640 393 4675 arroasiani
425 4639 557 4676 orvscvcn
577 4641 612 4676 ιν.
1116 4625 1128 4672 1
