<?xml version="1.0" encoding="UTF-8"?>
<!DOCTYPE html PUBLIC "-//W3C//DTD XHTML 1.0 Transitional//EN"
    "http://www.w3.org/TR/xhtml1/DTD/xhtml1-transitional.dtd">
<html xmlns="http://www.w3.org/1999/xhtml" xml:lang="en" lang="en">
 <head>
  <title>
</title>
<meta http-equiv="Content-Type" content="text/html;charset=utf-8" />
  <meta name='ocr-system' content='tesseract 3.04.00' />
  <meta name='ocr-capabilities' content='ocr_page ocr_carea ocr_par ocr_line ocrx_word'/>
</head>
<body>
  <div class='ocr_page' id='page_1' title='image "./fridericiritsch08wachgoog/fridericiritsch08wachgoog_0555.png"; bbox 0 0 3216 5082; ppageno 0'>
   <div class='ocr_carea' id='block_1_1' title="bbox 318 373 1232 439">
    <p class='ocr_par' dir='ltr' id='par_1_1' title="bbox 318 373 1232 439">
     <span class='ocr_line' id='line_1_1' title="bbox 318 373 1232 439; baseline -0.004 -1"><span class='ocrx_word' id='word_1_1' title='bbox 318 373 384 438; x_wconf 80' lang='lat'>530</span> <span class='ocrx_word' id='word_1_2' title='bbox 553 389 696 438; x_wconf 71' lang='lat' dir='ltr'>sarsana</span> <span class='ocrx_word' id='word_1_3' title='bbox 721 389 948 439; x_wconf 77' lang='lat' dir='ltr'>unrrumnms</span> <span class='ocrx_word' id='word_1_4' title='bbox 972 387 1232 438; x_wconf 79' lang='lat' dir='ltr'>sersanearcna</span> 
     </span>
    </p>
   </div>
   <div class='ocr_carea' id='block_1_2' title="bbox 253 531 1577 2970">
    <p class='ocr_par' dir='ltr' id='par_1_2' title="bbox 317 531 1462 1368">
     <span class='ocr_line' id='line_1_2' title="bbox 319 531 1461 618; baseline -0.004 -20"><span class='ocrx_word' id='word_1_5' title='bbox 319 533 364 598; x_wconf 81' lang='lat' dir='ltr'>‘et</span> <span class='ocrx_word' id='word_1_6' title='bbox 395 557 434 600; x_wconf 88' lang='lat' dir='ltr'>ex</span> <span class='ocrx_word' id='word_1_7' title='bbox 466 535 617 618; x_wconf 82' lang='lat' dir='ltr'>genetivo</span> <span class='ocrx_word' id='word_1_8' title='bbox 651 533 768 599; x_wconf 89' lang='lat' dir='ltr'>Latino</span> <span class='ocrx_word' id='word_1_9' title='bbox 801 533 1006 616; x_wconf 66' lang='lat' dir='ltr'><strong><em>Proserpinae</em></strong></span> <span class='ocrx_word' id='word_1_10' title='bbox 1037 532 1224 616; x_wconf 88' lang='lat' dir='ltr'>Graecoque</span> <span class='ocrx_word' id='word_1_11' title='bbox 1256 531 1461 612; x_wconf 74' lang='grc' dir='ltr'>Περεεφόνηε</span> 
     </span>
     <span class='ocr_line' id='line_1_3' title="bbox 318 639 1461 727; baseline -0.004 -20"><span class='ocrx_word' id='word_1_12' title='bbox 318 641 555 727; x_wconf 89' lang='lat' dir='ltr'>quodammodo</span> <span class='ocrx_word' id='word_1_13' title='bbox 573 639 731 725; x_wconf 83' lang='lat' dir='ltr'>mixtam’,</span> <span class='ocrx_word' id='word_1_14' title='bbox 749 641 890 726; x_wconf 88' lang='lat' dir='ltr'>primum</span> <span class='ocrx_word' id='word_1_15' title='bbox 908 641 1025 706; x_wconf 87' lang='lat' dir='ltr'>idonea</span> <span class='ocrx_word' id='word_1_16' title='bbox 1044 645 1236 726; x_wconf 83' lang='lat' dir='ltr'>argumenta</span> <span class='ocrx_word' id='word_1_17' title='bbox 1256 640 1331 704; x_wconf 88' lang='lat' dir='ltr'>talis</span> <span class='ocrx_word' id='word_1_18' title='bbox 1350 639 1461 702; x_wconf 86' lang='lat' dir='ltr'>mixtu-</span> 
     </span>
     <span class='ocr_line' id='line_1_4' title="bbox 317 737 1461 834; baseline -0.004 -20"><span class='ocrx_word' id='word_1_19' title='bbox 317 771 374 815; x_wconf 88' lang='lat' dir='ltr'>rae</span> <span class='ocrx_word' id='word_1_20' title='bbox 397 749 554 834; x_wconf 87' lang='lat' dir='ltr'>desidero,</span> <span class='ocrx_word' id='word_1_21' title='bbox 577 749 704 834; x_wconf 86' lang='lat' dir='ltr'>quando</span> <span class='ocrx_word' id='word_1_22' title='bbox 728 737 859 814; x_wconf 85' lang='lat' dir='ltr'>illorum</span> <span class='ocrx_word' id='word_1_23' title='bbox 882 771 962 833; x_wconf 89' lang='lat' dir='ltr'>quac</span> <span class='ocrx_word' id='word_1_24' title='bbox 986 751 1062 814; x_wconf 90' lang='lat' dir='ltr'>sunt</span> <span class='ocrx_word' id='word_1_25' title='bbox 1080 744 1352 814; x_wconf 77' lang='lat' dir='ltr'><strong>PESGENIAES</strong></span> <span class='ocrx_word' id='word_1_26' title='bbox 1375 745 1461 810; x_wconf 82' lang='grc' dir='ltr'>ΒΙΑ-</span> 
     </span>
     <span class='ocr_line' id='line_1_5' title="bbox 317 852 1460 942; baseline -0.006 -20"><span class='ocrx_word' id='word_1_27' title='bbox 317 855 434 922; x_wconf 74' lang='lat' dir='ltr'>NAES</span> <span class='ocrx_word' id='word_1_28' title='bbox 458 879 532 922; x_wconf 88' lang='lat' dir='ltr'>cnm</span> <span class='ocrx_word' id='word_1_29' title='bbox 555 856 725 942; x_wconf 88' lang='lat' dir='ltr'>similibus,</span> <span class='ocrx_word' id='word_1_30' title='bbox 748 879 807 942; x_wconf 89' lang='lat' dir='ltr'>pro</span> <span class='ocrx_word' id='word_1_31' title='bbox 832 861 921 922; x_wconf 86' lang='lat' dir='ltr'>certo</span> <span class='ocrx_word' id='word_1_32' title='bbox 944 856 1050 922; x_wconf 91' lang='lat' dir='ltr'>habco</span> <span class='ocrx_word' id='word_1_33' title='bbox 1069 856 1166 940; x_wconf 84' lang='lat' dir='ltr'>longe</span> <span class='ocrx_word' id='word_1_34' title='bbox 1186 855 1284 920; x_wconf 90' lang='lat' dir='ltr'>aliam</span> <span class='ocrx_word' id='word_1_35' title='bbox 1305 852 1460 918; x_wconf 86' lang='lat' dir='ltr'>rationem</span> 
     </span>
     <span class='ocr_line' id='line_1_6' title="bbox 318 962 1462 1049; baseline -0.008 -21"><span class='ocrx_word' id='word_1_36' title='bbox 318 985 401 1049; x_wconf 84' lang='lat' dir='ltr'>esse3</span> <span class='ocrx_word' id='word_1_37' title='bbox 424 967 593 1048; x_wconf 88' lang='lat' dir='ltr'>practerea</span> <span class='ocrx_word' id='word_1_38' title='bbox 616 967 738 1048; x_wconf 88' lang='lat' dir='ltr'>autem,</span> <span class='ocrx_word' id='word_1_39' title='bbox 760 963 842 1030; x_wconf 88' lang='lat' dir='ltr'>haee</span> <span class='ocrx_word' id='word_1_40' title='bbox 864 965 937 1048; x_wconf 90' lang='lat' dir='ltr'>ipsa</span> <span class='ocrx_word' id='word_1_41' title='bbox 954 967 992 1028; x_wconf 91' lang='lat' dir='ltr'>ut</span> <span class='ocrx_word' id='word_1_42' title='bbox 1010 962 1155 1045; x_wconf 88' lang='lat' dir='ltr'>mittam,</span> <span class='ocrx_word' id='word_1_43' title='bbox 1177 983 1293 1045; x_wconf 90' lang='lat' dir='ltr'>parum</span> <span class='ocrx_word' id='word_1_44' title='bbox 1312 979 1462 1042; x_wconf 84' lang='lat' dir='ltr'>assequor</span> 
     </span>
     <span class='ocr_line' id='line_1_7' title="bbox 318 1066 1461 1155; baseline -0.006 -20"><span class='ocrx_word' id='word_1_45' title='bbox 318 1070 396 1154; x_wconf 91' lang='lat' dir='ltr'>quid</span> <span class='ocrx_word' id='word_1_46' title='bbox 419 1071 463 1136; x_wconf 91' lang='lat' dir='ltr'>sit</span> <span class='ocrx_word' id='word_1_47' title='bbox 486 1071 617 1140; x_wconf 87' lang='lat' dir='ltr'>omnino</span> <span class='ocrx_word' id='word_1_48' title='bbox 644 1093 702 1143; x_wconf 80' lang='lat' dir='ltr'>¹cur·</span> <span class='ocrx_word' id='word_1_49' title='bbox 730 1071 926 1155; x_wconf 78' lang='lat' dir='ltr'>confusioni,</span> <span class='ocrx_word' id='word_1_50' title='bbox 954 1093 1053 1154; x_wconf 91' lang='lat' dir='ltr'>quam</span> <span class='ocrx_word' id='word_1_51' title='bbox 1081 1069 1190 1153; x_wconf 89' lang='lat' dir='ltr'>aliquo</span> <span class='ocrx_word' id='word_1_52' title='bbox 1219 1066 1358 1132; x_wconf 87' lang='lat' dir='ltr'>artifieio</span> <span class='ocrx_word' id='word_1_53' title='bbox 1381 1085 1461 1129; x_wconf 88' lang='lat' dir='ltr'>com·</span> 
     </span>
     <span class='ocr_line' id='line_1_8' title="bbox 318 1172 1460 1262; baseline -0.005 -21"><span class='ocrx_word' id='word_1_54' title='bbox 318 1177 499 1260; x_wconf 84' lang='lat' dir='ltr'>miniscere,</span> <span class='ocrx_word' id='word_1_55' title='bbox 523 1177 766 1262; x_wconf 86' lang='lat' dir='ltr'>simplicitatem</span> <span class='ocrx_word' id='word_1_56' title='bbox 789 1177 1042 1261; x_wconf 78' lang='lat' dir='ltr'><strong>posthabeamus</strong></span> <span class='ocrx_word' id='word_1_57' title='bbox 1061 1197 1143 1259; x_wconf 89' lang='lat' dir='ltr'>quae</span> <span class='ocrx_word' id='word_1_58' title='bbox 1162 1174 1265 1240; x_wconf 89' lang='lat' dir='ltr'>estin</span> <span class='ocrx_word' id='word_1_59' title='bbox 1284 1172 1460 1257; x_wconf 88' lang='lat' dir='ltr'>propatulo.</span> 
     </span>
     <span class='ocr_line' id='line_1_9' title="bbox 318 1279 1462 1368; baseline -0.006 -20"><span class='ocrx_word' id='word_1_60' title='bbox 318 1281 368 1348; x_wconf 92' lang='lat' dir='ltr'>Ne</span> <span class='ocrx_word' id='word_1_61' title='bbox 391 1284 508 1368; x_wconf 83' lang='lat' dir='ltr'>longus</span> <span class='ocrx_word' id='word_1_62' title='bbox 532 1284 594 1348; x_wconf 87' lang='lat' dir='ltr'>sim</span> <span class='ocrx_word' id='word_1_63' title='bbox 617 1284 651 1351; x_wconf 91' lang='lat' dir='ltr'>in</span> <span class='ocrx_word' id='word_1_64' title='bbox 675 1305 723 1361; x_wconf 88' lang='lat' dir='ltr'>re,</span> <span class='ocrx_word' id='word_1_65' title='bbox 755 1287 793 1348; x_wconf 89' lang='lat' dir='ltr'>ut</span> <span class='ocrx_word' id='word_1_66' title='bbox 821 1282 901 1348; x_wconf 90' lang='lat' dir='ltr'>mihi</span> <span class='ocrx_word' id='word_1_67' title='bbox 930 1282 1058 1367; x_wconf 90' lang='lat' dir='ltr'>quidem</span> <span class='ocrx_word' id='word_1_68' title='bbox 1087 1281 1222 1366; x_wconf 80' lang='lat' dir='ltr'>vitietur,</span> <span class='ocrx_word' id='word_1_69' title='bbox 1252 1279 1462 1364; x_wconf 87' lang='lat' dir='ltr'>apertissima,</span> 
     </span>
    </p>

    <p class='ocr_par' dir='ltr' id='par_1_3' title="bbox 253 1387 1577 2970">
     <span class='ocr_line' id='line_1_10' title="bbox 253 1387 1577 1484; baseline -0.008 -28"><span class='ocrx_word' id='word_1_70' title='bbox 253 1431 255 1436; x_wconf 83' lang='lat'>.</span> <span class='ocrx_word' id='word_1_71' title='bbox 319 1389 460 1456; x_wconf 81' lang='lat' dir='ltr'>breviter</span> <span class='ocrx_word' id='word_1_72' title='bbox 488 1412 642 1475; x_wconf 82' lang='lat' dir='ltr'>quaerere</span> <span class='ocrx_word' id='word_1_73' title='bbox 670 1389 781 1455; x_wconf 75' lang='lat' dir='ltr'>licebit</span> <span class='ocrx_word' id='word_1_74' title='bbox 808 1411 885 1456; x_wconf 88' lang='lat' dir='ltr'>uum</span> <span class='ocrx_word' id='word_1_75' title='bbox 914 1389 1013 1454; x_wconf 91' lang='lat' dir='ltr'>etiam</span> <span class='ocrx_word' id='word_1_76' title='bbox 1040 1387 1088 1452; x_wconf 92' lang='lat' dir='ltr'>illi</span> <span class='ocrx_word' id='word_1_77' title='bbox 1116 1387 1273 1472; x_wconf 83' lang='lat' dir='ltr'>genetivi,</span> <span class='ocrx_word' id='word_1_78' title='bbox 1306 1387 1362 1470; x_wconf 90' lang='lat' dir='ltr'>qui</span> <span class='ocrx_word' id='word_1_79' title='bbox 1392 1388 1462 1452; x_wconf 88' lang='lat' dir='ltr'>suut</span> <span class='ocrx_word' id='word_1_80' title='bbox 1576 1427 1577 1484; x_wconf 30' lang='lat' dir='ltr'>p</span> 
     </span>
     <span class='ocr_line' id='line_1_11' title="bbox 318 1495 1577 1578; baseline -0.004 -18"><span class='ocrx_word' id='word_1_81' title='bbox 318 1496 458 1560; x_wconf 80' lang='lat' dir='ltr'>Latonas</span> <span class='ocrx_word' id='word_1_82' title='bbox 479 1497 548 1560; x_wconf 83' lang='lat' dir='ltr'>vias</span> <span class='ocrx_word' id='word_1_83' title='bbox 570 1515 653 1562; x_wconf 74' lang='lat' dir='ltr'>moos</span> <span class='ocrx_word' id='word_1_84' title='bbox 675 1495 773 1560; x_wconf 79' lang='lat' dir='ltr'>nectas</span> <span class='ocrx_word' id='word_1_85' title='bbox 794 1497 949 1560; x_wconf 71' lang='lat' dir='ltr'>ombrious</span> <span class='ocrx_word' id='word_1_86' title='bbox 965 1495 1154 1560; x_wconf 78' lang='lat' dir='ltr'>Alcumenas</span> <span class='ocrx_word' id='word_1_87' title='bbox 1177 1499 1211 1559; x_wconf 88' lang='lat' dir='ltr'>et</span> <span class='ocrx_word' id='word_1_88' title='bbox 1233 1497 1363 1578; x_wconf 86' lang='lat' dir='ltr'>praeter</span> <span class='ocrx_word' id='word_1_89' title='bbox 1385 1496 1462 1558; x_wconf 81' lang='lat' dir='ltr'>cete</span> <span class='ocrx_word' id='word_1_90' title='bbox 1576 1495 1577 1498; x_wconf 73' lang='grc'>’</span> 
     </span>
     <span class='ocr_line' id='line_1_12' title="bbox 317 1599 1460 1687; baseline -0.003 -21"><span class='ocrx_word' id='word_1_91' title='bbox 317 1625 372 1667; x_wconf 88' lang='lat' dir='ltr'>ros</span> <span class='ocrx_word' id='word_1_92' title='bbox 386 1603 543 1686; x_wconf 72' lang='lat' dir='ltr'>factitias,</span> <span class='ocrx_word' id='word_1_93' title='bbox 567 1603 607 1668; x_wconf 88' lang='lat' dir='ltr'>ad</span> <span class='ocrx_word' id='word_1_94' title='bbox 626 1623 762 1687; x_wconf 78' lang='lat' dir='ltr'>graecae</span> <span class='ocrx_word' id='word_1_95' title='bbox 782 1603 1008 1668; x_wconf 69' lang='lat' dir='ltr'>declinationis</span> <span class='ocrx_word' id='word_1_96' title='bbox 1029 1601 1276 1672; x_wconf 89' lang='lat' dir='ltr'>similitudinem</span> <span class='ocrx_word' id='word_1_97' title='bbox 1295 1599 1460 1665; x_wconf 88' lang='lat' dir='ltr'>revocandi</span> 
     </span>
     <span class='ocr_line' id='line_1_13' title="bbox 319 1707 1461 1794; baseline -0.004 -20"><span class='ocrx_word' id='word_1_98' title='bbox 319 1710 497 1794; x_wconf 85' lang='lat' dir='ltr'>videantur,</span> <span class='ocrx_word' id='word_1_99' title='bbox 520 1732 562 1775; x_wconf 91' lang='lat' dir='ltr'>an</span> <span class='ocrx_word' id='word_1_100' title='bbox 585 1732 602 1776; x_wconf 91' lang='lat' dir='ltr'>e</span> <span class='ocrx_word' id='word_1_101' title='bbox 626 1709 801 1776; x_wconf 89' lang='lat' dir='ltr'>contractis</span> <span class='ocrx_word' id='word_1_102' title='bbox 816 1710 994 1774; x_wconf 71' lang='lat' dir='ltr'>Latenoi-s</span> <span class='ocrx_word' id='word_1_103' title='bbox 1015 1711 1194 1790; x_wconf 77' lang='lat' dir='ltr'>farroilr&#39;n-is</span> <span class='ocrx_word' id='word_1_104' title='bbox 1216 1707 1330 1774; x_wconf 86' lang='lat' dir='ltr'>formis</span> <span class='ocrx_word' id='word_1_105' title='bbox 1355 1707 1461 1772; x_wconf 88' lang='lat' dir='ltr'>eadem</span> 
     </span>
     <span class='ocr_line' id='line_1_14' title="bbox 318 1815 1463 1901; baseline -0.008 -17"><span class='ocrx_word' id='word_1_106' title='bbox 318 1817 445 1884; x_wconf 88' lang='lat' dir='ltr'>ratione</span> <span class='ocrx_word' id='word_1_107' title='bbox 468 1817 632 1900; x_wconf 88' lang='lat' dir='ltr'>repetendi</span> <span class='ocrx_word' id='word_1_108' title='bbox 655 1839 719 1901; x_wconf 89' lang='lat' dir='ltr'>qua</span> <span class='ocrx_word' id='word_1_109' title='bbox 743 1839 760 1882; x_wconf 91' lang='lat' dir='ltr'>e</span> <span class='ocrx_word' id='word_1_110' title='bbox 782 1819 920 1882; x_wconf 81' lang='lat' dir='ltr'>senatuis</span> <span class='ocrx_word' id='word_1_111' title='bbox 942 1819 1019 1883; x_wconf 85' lang='lat' dir='ltr'>dieis</span> <span class='ocrx_word' id='word_1_112' title='bbox 1041 1821 1074 1880; x_wconf 90' lang='lat' dir='ltr'>et</span> <span class='ocrx_word' id='word_1_113' title='bbox 1096 1817 1253 1900; x_wconf 90' lang='lat' dir='ltr'>parilibus</span> <span class='ocrx_word' id='word_1_114' title='bbox 1278 1815 1463 1900; x_wconf 89' lang='lat' dir='ltr'>prodierunt</span> 
     </span>
     <span class='ocr_line' id='line_1_15' title="bbox 318 1923 1464 2008; baseline -0.005 -18"><span class='ocrx_word' id='word_1_115' title='bbox 318 1931 443 1990; x_wconf 79' lang='lat' dir='ltr'>senatus</span> <span class='ocrx_word' id='word_1_116' title='bbox 465 1926 529 1989; x_wconf 74' lang='lat' dir='ltr'>does</span> <span class='ocrx_word' id='word_1_117' title='bbox 551 1925 716 2008; x_wconf 80' lang='lat' dir='ltr'>genetivi?</span> <span class='ocrx_word' id='word_1_118' title='bbox 744 1925 821 1990; x_wconf 93' lang='lat' dir='ltr'>item</span> <span class='ocrx_word' id='word_1_119' title='bbox 847 1925 930 1990; x_wconf 89' lang='lat' dir='ltr'>unde</span> <span class='ocrx_word' id='word_1_120' title='bbox 953 1923 1017 1990; x_wconf 89' lang='lat' dir='ltr'>nisi</span> <span class='ocrx_word' id='word_1_121' title='bbox 1041 1946 1078 1988; x_wconf 89' lang='lat' dir='ltr'>ex</span> <span class='ocrx_word' id='word_1_122' title='bbox 1101 1923 1181 2008; x_wconf 88' lang='lat' dir='ltr'>ipsis</span> <span class='ocrx_word' id='word_1_123' title='bbox 1200 1923 1464 2002; x_wconf 67' lang='lat' dir='ltr'>ananiaeque</span> 
     </span>
     <span class='ocr_line' id='line_1_16' title="bbox 320 2029 1465 2116; baseline -0.006 -20"><span class='ocrx_word' id='word_1_124' title='bbox 320 2030 377 2116; x_wconf 88' lang='lat'>(=</span> <span class='ocrx_word' id='word_1_125' title='bbox 392 2030 622 2116; x_wconf 64' lang='lat' dir='ltr'>Proserpinam)</span> <span class='ocrx_word' id='word_1_126' title='bbox 645 2030 759 2094; x_wconf 85' lang='lat' dir='ltr'>formis</span> <span class='ocrx_word' id='word_1_127' title='bbox 782 2031 888 2096; x_wconf 87' lang='lat' dir='ltr'>factae</span> <span class='ocrx_word' id='word_1_128' title='bbox 908 2030 974 2094; x_wconf 87' lang='lat' dir='ltr'>sint</span> <span class='ocrx_word' id='word_1_129' title='bbox 994 2029 1092 2094; x_wconf 76' lang='lat' dir='ltr'>Albai</span> <span class='ocrx_word' id='word_1_130' title='bbox 1108 2029 1252 2111; x_wconf 78' lang='lat' dir='ltr'>Lonpa&#39;i‘l</span> <span class='ocrx_word' id='word_1_131' title='bbox 1275 2050 1407 2112; x_wconf 88' lang='lat' dir='ltr'>prorsus</span> <span class='ocrx_word' id='word_1_132' title='bbox 1430 2031 1465 2090; x_wconf 88' lang='lat' dir='ltr'>ut</span> 
     </span>
     <span class='ocr_line' id='line_1_17' title="bbox 320 2135 1464 2204; baseline -0.003 -2"><span class='ocrx_word' id='word_1_133' title='bbox 320 2139 496 2202; x_wconf 75' lang='lat' dir='ltr'>caracteris</span> <span class='ocrx_word' id='word_1_134' title='bbox 523 2137 599 2202; x_wconf 84' lang='lat' dir='ltr'>dicis</span> <span class='ocrx_word' id='word_1_135' title='bbox 625 2140 722 2202; x_wconf 88' lang='lat' dir='ltr'>natae</span> <span class='ocrx_word' id='word_1_136' title='bbox 755 2141 832 2202; x_wconf 89' lang='lat' dir='ltr'>sunt</span> <span class='ocrx_word' id='word_1_137' title='bbox 862 2139 984 2203; x_wconf 78' lang='lat' dir='ltr'>serenici</span> <span class='ocrx_word' id='word_1_138' title='bbox 1010 2139 1080 2204; x_wconf 84' lang='lat' dir='ltr'>diei.</span> <span class='ocrx_word' id='word_1_139' title='bbox 1107 2173 1151 2183; x_wconf 86' lang='lat'>--</span> <span class='ocrx_word' id='word_1_140' title='bbox 1179 2135 1302 2200; x_wconf 88' lang='lat' dir='ltr'>Verum</span> <span class='ocrx_word' id='word_1_141' title='bbox 1334 2136 1373 2200; x_wconf 90' lang='lat' dir='ltr'>de</span> <span class='ocrx_word' id='word_1_142' title='bbox 1405 2135 1464 2198; x_wconf 90' lang='lat' dir='ltr'>hoc</span> 
     </span>
     <span class='ocr_line' id='line_1_18' title="bbox 319 2241 1464 2329; baseline -0.002 -21"><span class='ocrx_word' id='word_1_143' title='bbox 319 2264 437 2329; x_wconf 81' lang='lat' dir='ltr'>genere</span> <span class='ocrx_word' id='word_1_144' title='bbox 464 2244 615 2310; x_wconf 83' lang='lat' dir='ltr'>universo</span> <span class='ocrx_word' id='word_1_145' title='bbox 645 2267 702 2310; x_wconf 90' lang='lat' dir='ltr'>suo</span> <span class='ocrx_word' id='word_1_146' title='bbox 731 2245 804 2312; x_wconf 91' lang='lat' dir='ltr'>loco</span> <span class='ocrx_word' id='word_1_147' title='bbox 829 2244 954 2312; x_wconf 87' lang='lat' dir='ltr'>dicetur</span> <span class='ocrx_word' id='word_1_148' title='bbox 982 2244 1188 2328; x_wconf 79' lang='lat' dir='ltr'>explicatius,</span> <span class='ocrx_word' id='word_1_149' title='bbox 1216 2241 1313 2326; x_wconf 89' lang='lat' dir='ltr'>idque</span> <span class='ocrx_word' id='word_1_150' title='bbox 1342 2263 1381 2306; x_wconf 92' lang='lat' dir='ltr'>eo</span> <span class='ocrx_word' id='word_1_151' title='bbox 1408 2242 1464 2306; x_wconf 87' lang='lat' dir='ltr'>im-</span> 
     </span>
     <span class='ocr_line' id='line_1_19' title="bbox 319 2348 1464 2435; baseline -0.002 -22"><span class='ocrx_word' id='word_1_152' title='bbox 319 2351 452 2434; x_wconf 88' lang='lat' dir='ltr'>pensius</span> <span class='ocrx_word' id='word_1_153' title='bbox 476 2372 539 2435; x_wconf 92' lang='lat' dir='ltr'>quo</span> <span class='ocrx_word' id='word_1_154' title='bbox 564 2351 671 2416; x_wconf 90' lang='lat' dir='ltr'>minus</span> <span class='ocrx_word' id='word_1_155' title='bbox 694 2351 825 2435; x_wconf 85' lang='lat' dir='ltr'>probari</span> <span class='ocrx_word' id='word_1_156' title='bbox 849 2374 944 2434; x_wconf 91' lang='lat' dir='ltr'>posse</span> <span class='ocrx_word' id='word_1_157' title='bbox 968 2373 1006 2416; x_wconf 89' lang='lat' dir='ltr'>ea</span> <span class='ocrx_word' id='word_1_158' title='bbox 1030 2351 1134 2433; x_wconf 84' lang='lat' dir='ltr'>video,</span> <span class='ocrx_word' id='word_1_159' title='bbox 1157 2370 1238 2434; x_wconf 88' lang='lat' dir='ltr'>quae</span> <span class='ocrx_word' id='word_1_160' title='bbox 1257 2348 1296 2413; x_wconf 88' lang='lat' dir='ltr'>de</span> <span class='ocrx_word' id='word_1_161' title='bbox 1315 2348 1464 2434; x_wconf 82' lang='lat' dir='ltr'>genetivo</span> 
     </span>
     <span class='ocr_line' id='line_1_20' title="bbox 319 2455 1464 2548; baseline -0.002 -28"><span class='ocrx_word' id='word_1_162' title='bbox 319 2456 443 2540; x_wconf 88' lang='lat' dir='ltr'>primae</span> <span class='ocrx_word' id='word_1_163' title='bbox 476 2456 708 2548; x_wconf 70' lang='lat' dir='ltr'>⁸declinationis</span> <span class='ocrx_word' id='word_1_164' title='bbox 745 2459 868 2526; x_wconf 89' lang='lat' dir='ltr'>latinae</span> <span class='ocrx_word' id='word_1_165' title='bbox 900 2482 919 2524; x_wconf 91' lang='lat' dir='ltr'>a</span> <span class='ocrx_word' id='word_1_166' title='bbox 952 2458 1126 2544; x_wconf 81' lang='lat' dir='ltr'>singularis</span> <span class='ocrx_word' id='word_1_167' title='bbox 1159 2457 1229 2522; x_wconf 84' lang='lat' dir='ltr'>viro</span> <span class='ocrx_word' id='word_1_168' title='bbox 1262 2455 1464 2522; x_wconf 85' lang='lat' dir='ltr'>auctoritatis</span> 
     </span>
     <span class='ocr_line' id='line_1_21' title="bbox 319 2559 1464 2650; baseline -0.004 -20"><span class='ocrx_word' id='word_1_169' title='bbox 319 2563 492 2630; x_wconf 85' lang='lat' dir='ltr'>Francisco</span> <span class='ocrx_word' id='word_1_170' title='bbox 515 2565 642 2650; x_wconf 89' lang='lat' dir='ltr'>Boppio</span> <span class='ocrx_word' id='word_1_171' title='bbox 666 2559 837 2650; x_wconf 88' lang='lat' dir='ltr'>proposita</span> <span class='ocrx_word' id='word_1_172' title='bbox 861 2570 936 2631; x_wconf 87' lang='lat' dir='ltr'>sunt</span> <span class='ocrx_word' id='word_1_173' title='bbox 960 2563 1202 2630; x_wconf 83' lang='lat' dir='ltr'>Grammaticus</span> <span class='ocrx_word' id='word_1_174' title='bbox 1226 2561 1464 2650; x_wconf 72' lang='lat' dir='ltr'>comparativae</span> 
     </span>
     <span class='ocr_line' id='line_1_22' title="bbox 319 2671 1464 2757; baseline 0 -23"><span class='ocrx_word' id='word_1_175' title='bbox 319 2671 377 2735; x_wconf 86' lang='lat' dir='ltr'>tl</span> <span class='ocrx_word' id='word_1_176' title='bbox 399 2695 430 2756; x_wconf 88' lang='lat' dir='ltr'>p.</span> <span class='ocrx_word' id='word_1_177' title='bbox 450 2673 514 2737; x_wconf 79' lang='lat'>377</span> <span class='ocrx_word' id='word_1_178' title='bbox 536 2695 582 2756; x_wconf 92' lang='lat' dir='ltr'>sq.</span> <span class='ocrx_word' id='word_1_179' title='bbox 609 2674 674 2740; x_wconf 82' lang='lat'>399</span> <span class='ocrx_word' id='word_1_180' title='bbox 695 2695 741 2757; x_wconf 89' lang='lat' dir='ltr'>sq.</span> <span class='ocrx_word' id='word_1_181' title='bbox 770 2673 817 2737; x_wconf 92' lang='lat' dir='ltr'>ed.</span> <span class='ocrx_word' id='word_1_182' title='bbox 841 2675 911 2757; x_wconf 84' lang='lat' dir='ltr'>alt,</span> <span class='ocrx_word' id='word_1_183' title='bbox 939 2673 1117 2738; x_wconf 87' lang='lat' dir='ltr'>rectissime</span> <span class='ocrx_word' id='word_1_184' title='bbox 1140 2692 1212 2736; x_wconf 90' lang='lat' dir='ltr'>meo</span> <span class='ocrx_word' id='word_1_185' title='bbox 1235 2671 1356 2736; x_wconf 88' lang='lat' dir='ltr'>iudicio</span> <span class='ocrx_word' id='word_1_186' title='bbox 1379 2671 1464 2734; x_wconf 86' lang='lat' dir='ltr'>dere·</span> 
     </span>
     <span class='ocr_line' id='line_1_23' title="bbox 319 2777 1464 2865; baseline -0.002 -24"><span class='ocrx_word' id='word_1_187' title='bbox 319 2777 398 2843; x_wconf 92' lang='lat' dir='ltr'>licta</span> <span class='ocrx_word' id='word_1_188' title='bbox 426 2780 467 2843; x_wconf 90' lang='lat' dir='ltr'>ab</span> <span class='ocrx_word' id='word_1_189' title='bbox 491 2778 640 2865; x_wconf 82' lang='lat' dir='ltr'>Augusto</span> <span class='ocrx_word' id='word_1_190' title='bbox 669 2777 875 2844; x_wconf 76' lang='lat' dir='ltr'>Selileichero</span> <span class='ocrx_word' id='word_1_191' title='bbox 908 2783 1022 2846; x_wconf 89' lang='lat' dir='ltr'>nostro</span> <span class='ocrx_word' id='word_1_192' title='bbox 1050 2780 1085 2843; x_wconf 91' lang='lat' dir='ltr'>in</span> <span class='ocrx_word' id='word_1_193' title='bbox 1112 2777 1353 2842; x_wconf 83' lang='lat' dir='ltr'>Grammaticae</span> <span class='ocrx_word' id='word_1_194' title='bbox 1382 2797 1464 2842; x_wconf 91' lang='lat' dir='ltr'>com·</span> 
     </span>
     <span class='ocr_line' id='line_1_24' title="bbox 319 2885 981 2970; baseline 0 -22"><span class='ocrx_word' id='word_1_195' title='bbox 319 2907 387 2968; x_wconf 86' lang='lat' dir='ltr'>par.</span> <span class='ocrx_word' id='word_1_196' title='bbox 411 2886 657 2970; x_wconf 85' lang='lat' dir='ltr'>compendiosae</span> <span class='ocrx_word' id='word_1_197' title='bbox 680 2889 703 2949; x_wconf 89' lang='lat' dir='ltr'>t.</span> <span class='ocrx_word' id='word_1_198' title='bbox 722 2885 754 2950; x_wconf 89' lang='lat' dir='ltr'>II</span> <span class='ocrx_word' id='word_1_199' title='bbox 778 2908 807 2968; x_wconf 94' lang='lat' dir='ltr'>p.</span> <span class='ocrx_word' id='word_1_200' title='bbox 827 2886 892 2949; x_wconf 81' lang='lat'>452</span> <span class='ocrx_word' id='word_1_201' title='bbox 912 2907 981 2969; x_wconf 87' lang='lat' dir='ltr'><strong>sqq.</strong></span> 
     </span>
    </p>
   </div>
   <div class='ocr_carea' id='block_1_3' title="bbox 246 3201 1466 4578">
    <p class='ocr_par' dir='ltr' id='par_1_4' title="bbox 246 3201 1466 4578">
     <span class='ocr_line' id='line_1_25' title="bbox 246 3201 1464 3288; baseline -0.002 -20"><span class='ocrx_word' id='word_1_202' title='bbox 246 3221 306 3262; x_wconf 80' lang='lat' dir='ltr'>x111</span> <span class='ocrx_word' id='word_1_203' title='bbox 409 3203 447 3268; x_wconf 89' lang='lat' dir='ltr'>In</span> <span class='ocrx_word' id='word_1_204' title='bbox 476 3204 612 3268; x_wconf 88' lang='lat' dir='ltr'>tabula</span> <span class='ocrx_word' id='word_1_205' title='bbox 635 3203 676 3268; x_wconf 93' lang='grc' dir='ltr'>ΙΙ</span> <span class='ocrx_word' id='word_1_206' title='bbox 701 3202 806 3284; x_wconf 88' lang='lat' dir='ltr'>[XVI]</span> <span class='ocrx_word' id='word_1_207' title='bbox 838 3202 898 3267; x_wconf 91' lang='lat' dir='ltr'>sub</span> <span class='ocrx_word' id='word_1_208' title='bbox 922 3201 952 3268; x_wconf 82' lang='lat' dir='ltr'>l</span> <span class='ocrx_word' id='word_1_209' title='bbox 975 3205 1163 3288; x_wconf 85' lang='lat' dir='ltr'>propositus</span> <span class='ocrx_word' id='word_1_210' title='bbox 1187 3203 1304 3268; x_wconf 88' lang='lat' dir='ltr'>titulus</span> <span class='ocrx_word' id='word_1_211' title='bbox 1328 3201 1464 3268; x_wconf 82' lang='lat' dir='ltr'>Calenus</span> 
     </span>
     <span class='ocr_line' id='line_1_26' title="bbox 320 3310 1464 3394; baseline -0.003 -18"><span class='ocrx_word' id='word_1_212' title='bbox 320 3332 415 3394; x_wconf 89' lang='lat' dir='ltr'>quem</span> <span class='ocrx_word' id='word_1_213' title='bbox 439 3311 473 3376; x_wconf 88' lang='lat' dir='ltr'>in</span> <span class='ocrx_word' id='word_1_214' title='bbox 496 3310 559 3374; x_wconf 84' lang='lat' dir='ltr'>fine</span> <span class='ocrx_word' id='word_1_215' title='bbox 583 3310 726 3376; x_wconf 86' lang='lat' dir='ltr'>ostendit</span> <span class='ocrx_word' id='word_1_216' title='bbox 753 3311 997 3376; x_wconf 90' lang='lat' dir='ltr'>insolentiorem</span> <span class='ocrx_word' id='word_1_217' title='bbox 1026 3333 1142 3376; x_wconf 82' lang='lat' dir='ltr'>nexum</span> <span class='ocrx_word' id='word_1_218' title='bbox 1166 3311 1366 3394; x_wconf 83' lang='lat' dir='ltr'>litterarum,</span> <span class='ocrx_word' id='word_1_219' title='bbox 1393 3331 1464 3374; x_wconf 90' lang='lat' dir='ltr'>eum</span> 
     </span>
     <span class='ocr_line' id='line_1_27' title="bbox 320 3416 1465 3500; baseline -0.004 -18"><span class='ocrx_word' id='word_1_220' title='bbox 320 3417 359 3482; x_wconf 89' lang='lat' dir='ltr'>de</span> <span class='ocrx_word' id='word_1_221' title='bbox 391 3416 541 3483; x_wconf 81' lang='lat' dir='ltr'>MENSE</span> <span class='ocrx_word' id='word_1_222' title='bbox 575 3417 799 3482; x_wconf 77' lang='lat' dir='ltr'>INTcRJeolari</span> <span class='ocrx_word' id='word_1_223' title='bbox 831 3417 929 3483; x_wconf 85' lang='lat' dir='ltr'>etiam</span> <span class='ocrx_word' id='word_1_224' title='bbox 961 3417 1171 3482; x_wconf 89' lang='lat' dir='ltr'>Hnebnernm</span> <span class='ocrx_word' id='word_1_225' title='bbox 1208 3417 1416 3500; x_wconf 89' lang='lat' dir='ltr'>interpretari</span> <span class='ocrx_word' id='word_1_226' title='bbox 1449 3437 1465 3477; x_wconf 91' lang='lat' dir='ltr'>e</span> 
     </span>
     <span class='ocr_line' id='line_1_28' title="bbox 319 3521 1465 3610; baseline -0.003 -20"><span class='ocrx_word' id='word_1_227' title='bbox 319 3523 513 3590; x_wconf 89' lang='lat' dir='ltr'>Mommseui</span> <span class='ocrx_word' id='word_1_228' title='bbox 532 3523 613 3588; x_wconf 89' lang='lat' dir='ltr'>Add.</span> <span class='ocrx_word' id='word_1_229' title='bbox 632 3547 661 3608; x_wconf 89' lang='lat' dir='ltr'>p.</span> <span class='ocrx_word' id='word_1_230' title='bbox 679 3525 743 3590; x_wconf 80' lang='lat'>559</span> <span class='ocrx_word' id='word_1_231' title='bbox 762 3547 792 3589; x_wconf 92' lang='lat' dir='ltr'>n.</span> <span class='ocrx_word' id='word_1_232' title='bbox 806 3525 891 3590; x_wconf 79' lang='lat'>1505</span> <span class='ocrx_word' id='word_1_233' title='bbox 906 3524 1055 3610; x_wconf 86' lang='lat' dir='ltr'>cognovi.</span> <span class='ocrx_word' id='word_1_234' title='bbox 1086 3523 1152 3588; x_wconf 89' lang='lat' dir='ltr'>Vbi</span> <span class='ocrx_word' id='word_1_235' title='bbox 1172 3545 1227 3588; x_wconf 90' lang='lat' dir='ltr'>cnr</span> <span class='ocrx_word' id='word_1_236' title='bbox 1245 3523 1315 3608; x_wconf 91' lang='lat' dir='ltr'>ipse</span> <span class='ocrx_word' id='word_1_237' title='bbox 1330 3521 1465 3588; x_wconf 88' lang='lat' dir='ltr'>Momm-</span> 
     </span>
     <span class='ocr_line' id='line_1_29' title="bbox 321 3629 1464 3714; baseline 0.002 -18"><span class='ocrx_word' id='word_1_238' title='bbox 321 3653 416 3699; x_wconf 88' lang='lat' dir='ltr'>scnus</span> <span class='ocrx_word' id='word_1_239' title='bbox 440 3636 476 3696; x_wconf 85' lang='lat' dir='ltr'>ut</span> <span class='ocrx_word' id='word_1_240' title='bbox 499 3631 750 3714; x_wconf 83' lang='lat' dir='ltr'>probabiliorem</span> <span class='ocrx_word' id='word_1_241' title='bbox 777 3631 862 3697; x_wconf 91' lang='lat' dir='ltr'>hane</span> <span class='ocrx_word' id='word_1_242' title='bbox 885 3632 1104 3696; x_wconf 86' lang='lat' dir='ltr'>coniecturam</span> <span class='ocrx_word' id='word_1_243' title='bbox 1128 3629 1344 3711; x_wconf 88' lang='lat' dir='ltr'>commendet,</span> <span class='ocrx_word' id='word_1_244' title='bbox 1373 3633 1411 3692; x_wconf 89' lang='lat' dir='ltr'>nt</span> <span class='ocrx_word' id='word_1_245' title='bbox 1432 3630 1464 3698; x_wconf 86' lang='lat' dir='ltr'>in</span> 
     </span>
     <span class='ocr_line' id='line_1_30' title="bbox 320 3735 1466 3824; baseline -0.003 -20"><span class='ocrx_word' id='word_1_246' title='bbox 320 3737 563 3824; x_wconf 82' lang='lat' dir='ltr'>contignatione</span> <span class='ocrx_word' id='word_1_247' title='bbox 586 3737 644 3804; x_wconf 92' lang='lat' dir='ltr'>illa</span> <span class='ocrx_word' id='word_1_248' title='bbox 665 3739 848 3804; x_wconf 88' lang='lat' dir='ltr'>litterarum</span> <span class='ocrx_word' id='word_1_249' title='bbox 876 3739 978 3802; x_wconf 83' lang='lat' dir='ltr'>latere</span> <span class='ocrx_word' id='word_1_250' title='bbox 1001 3736 1150 3802; x_wconf 80' lang='lat' dir='ltr'>MENSE</span> <span class='ocrx_word' id='word_1_251' title='bbox 1175 3735 1348 3802; x_wconf 85' lang='lat' dir='ltr'><strong>IANVAR</strong></span> <span class='ocrx_word' id='word_1_252' title='bbox 1370 3736 1466 3820; x_wconf 89' lang='lat' dir='ltr'>dicat,</span> 
     </span>
     <span class='ocr_line' id='line_1_31' title="bbox 320 3844 1464 3930; baseline -0.003 -19"><span class='ocrx_word' id='word_1_253' title='bbox 320 3868 469 3911; x_wconf 88' lang='lat' dir='ltr'>caussam</span> <span class='ocrx_word' id='word_1_254' title='bbox 492 3867 558 3910; x_wconf 90' lang='lat' dir='ltr'>non</span> <span class='ocrx_word' id='word_1_255' title='bbox 578 3845 657 3909; x_wconf 86' lang='lat' dir='ltr'>satis</span> <span class='ocrx_word' id='word_1_256' title='bbox 676 3847 845 3930; x_wconf 88' lang='lat' dir='ltr'>perspicio.</span> <span class='ocrx_word' id='word_1_257' title='bbox 873 3845 911 3910; x_wconf 92' lang='lat' dir='ltr'>Id</span> <span class='ocrx_word' id='word_1_258' title='bbox 931 3845 1014 3910; x_wconf 89' lang='lat' dir='ltr'>enim</span> <span class='ocrx_word' id='word_1_259' title='bbox 1035 3845 1096 3908; x_wconf 89' lang='lat' dir='ltr'>etsi</span> <span class='ocrx_word' id='word_1_260' title='bbox 1115 3845 1195 3910; x_wconf 90' lang='lat' dir='ltr'>mihi</span> <span class='ocrx_word' id='word_1_261' title='bbox 1214 3865 1340 3928; x_wconf 89' lang='lat' dir='ltr'>quoquc</span> <span class='ocrx_word' id='word_1_262' title='bbox 1360 3844 1464 3928; x_wconf 89' lang='lat' dir='ltr'>primo</span> 
     </span>
     <span class='ocr_line' id='line_1_32' title="bbox 320 3935 1465 4036; baseline -0.003 -18"><span class='ocrx_word' id='word_1_263' title='bbox 320 3955 432 4018; x_wconf 90' lang='lat' dir='ltr'>statim</span> <span class='ocrx_word' id='word_1_264' title='bbox 456 3955 590 4035; x_wconf 87' lang='lat' dir='ltr'>aspectu</span> <span class='ocrx_word' id='word_1_265' title='bbox 612 3953 647 4017; x_wconf 91' lang='lat' dir='ltr'>in</span> <span class='ocrx_word' id='word_1_266' title='bbox 670 3955 811 4020; x_wconf 86' lang='lat' dir='ltr'>mentem</span> <span class='ocrx_word' id='word_1_267' title='bbox 834 3953 937 4036; x_wconf 82' lang='lat' dir='ltr'>venit,</span> <span class='ocrx_word' id='word_1_268' title='bbox 959 3955 1070 4016; x_wconf 89' lang='lat' dir='ltr'>tamen</span> <span class='ocrx_word' id='word_1_269' title='bbox 1094 3953 1192 4016; x_wconf 89' lang='lat' dir='ltr'>etiam</span> <span class='ocrx_word' id='word_1_270' title='bbox 1216 3935 1330 4016; x_wconf 42' lang='lat' dir='ltr'>in&#39;hac</span> <span class='ocrx_word' id='word_1_271' title='bbox 1352 3973 1465 4016; x_wconf 84' lang='lat' dir='ltr'>caussa</span> 
     </span>
     <span class='ocr_line' id='line_1_33' title="bbox 321 4057 1463 4144; baseline -0.003 -21"><span class='ocrx_word' id='word_1_272' title='bbox 321 4059 563 4142; x_wconf 87' lang='lat' dir='ltr'>simplicitatem</span> <span class='ocrx_word' id='word_1_273' title='bbox 590 4066 757 4144; x_wconf 87' lang='lat' dir='ltr'>praestare</span> <span class='ocrx_word' id='word_1_274' title='bbox 785 4060 925 4125; x_wconf 83' lang='lat' dir='ltr'>artificio</span> <span class='ocrx_word' id='word_1_275' title='bbox 953 4060 1052 4128; x_wconf 87' lang='lat' dir='ltr'>sensi:</span> <span class='ocrx_word' id='word_1_276' title='bbox 1085 4057 1329 4143; x_wconf 89' lang='lat' dir='ltr'>simplicitatem</span> <span class='ocrx_word' id='word_1_277' title='bbox 1357 4061 1463 4122; x_wconf 89' lang='lat' dir='ltr'>autem</span> 
     </span>
     <span class='ocr_line' id='line_1_34' title="bbox 320 4163 1463 4250; baseline -0.002 -20"><span class='ocrx_word' id='word_1_278' title='bbox 320 4164 477 4230; x_wconf 89' lang='lat' dir='ltr'>maiorem</span> <span class='ocrx_word' id='word_1_279' title='bbox 501 4165 634 4230; x_wconf 87' lang='lat' dir='ltr'>alterins</span> <span class='ocrx_word' id='word_1_280' title='bbox 658 4167 936 4250; x_wconf 84' lang='lat' dir='ltr'>interpretationis</span> <span class='ocrx_word' id='word_1_281' title='bbox 966 4165 1038 4249; x_wconf 89' lang='lat' dir='ltr'>ipsa</span> <span class='ocrx_word' id='word_1_282' title='bbox 1061 4165 1207 4249; x_wconf 85' lang='lat' dir='ltr'>prolecto</span> <span class='ocrx_word' id='word_1_283' title='bbox 1231 4163 1463 4229; x_wconf 88' lang='lat' dir='ltr'>elementorum</span> 
     </span>
     <span class='ocr_line' id='line_1_35' title="bbox 322 4268 1465 4356; baseline 0 -22"><span class='ocrx_word' id='word_1_284' title='bbox 322 4271 474 4356; x_wconf 80' lang='lat' dir='ltr'>figuratio</span> <span class='ocrx_word' id='word_1_285' title='bbox 502 4275 649 4338; x_wconf 85' lang='lat' dir='ltr'>testetur.</span> <span class='ocrx_word' id='word_1_286' title='bbox 695 4271 781 4336; x_wconf 92' lang='lat' dir='ltr'>Nam</span> <span class='ocrx_word' id='word_1_287' title='bbox 811 4271 896 4356; x_wconf 90' lang='lat' dir='ltr'>quod</span> <span class='ocrx_word' id='word_1_288' title='bbox 926 4270 966 4335; x_wconf 90' lang='lat' dir='ltr'>ad</span> <span class='ocrx_word' id='word_1_289' title='bbox 995 4271 1090 4336; x_wconf 89' lang='lat' dir='ltr'>unius</span> <span class='ocrx_word' id='word_1_290' title='bbox 1118 4269 1152 4334; x_wconf 88' lang='lat' dir='ltr'>L.</span> <span class='ocrx_word' id='word_1_291' title='bbox 1176 4268 1318 4334; x_wconf 74' lang='lat' dir='ltr'>Cornelii</span> <span class='ocrx_word' id='word_1_292' title='bbox 1343 4269 1465 4336; x_wconf 82' lang='lat' dir='ltr'>Cinnae</span> 
     </span>
     <span class='ocr_line' id='line_1_36' title="bbox 321 4379 1465 4464; baseline -0.002 -21"><span class='ocrx_word' id='word_1_293' title='bbox 321 4379 525 4446; x_wconf 89' lang='lat' dir='ltr'>consulatum</span> <span class='ocrx_word' id='word_1_294' title='bbox 549 4381 669 4444; x_wconf 86' lang='lat' dir='ltr'>attinet</span> <span class='ocrx_word' id='word_1_295' title='bbox 692 4379 902 4464; x_wconf 83' lang='lat' dir='ltr'>singulariter</span> <span class='ocrx_word' id='word_1_296' title='bbox 925 4379 1153 4462; x_wconf 87' lang='lat' dir='ltr'>perscriptum,</span> <span class='ocrx_word' id='word_1_297' title='bbox 1181 4399 1244 4462; x_wconf 89' lang='lat' dir='ltr'>qua</span> <span class='ocrx_word' id='word_1_298' title='bbox 1267 4398 1388 4461; x_wconf 87' lang='lat' dir='ltr'>quaeso</span> <span class='ocrx_word' id='word_1_299' title='bbox 1410 4399 1465 4440; x_wconf 86' lang='lat' dir='ltr'>nc-</span> 
     </span>
     <span class='ocr_line' id='line_1_37' title="bbox 321 4483 1465 4578; baseline -0.002 -28"><span class='ocrx_word' id='word_1_300' title='bbox 321 4487 472 4578; x_wconf 79' lang='lat' dir='ltr'>eessitate</span> <span class='ocrx_word' id='word_1_301' title='bbox 492 4488 524 4550; x_wconf 92' lang='lat' dir='ltr'>in</span> <span class='ocrx_word' id='word_1_302' title='bbox 540 4485 574 4552; x_wconf 79' lang='lat' dir='ltr'>(l.</span> <span class='ocrx_word' id='word_1_303' title='bbox 589 4486 684 4550; x_wconf 91' lang='lat' dir='ltr'>Marii</span> <span class='ocrx_word' id='word_1_304' title='bbox 708 4486 828 4568; x_wconf 90' lang='lat' dir='ltr'>locum,</span> <span class='ocrx_word' id='word_1_305' title='bbox 852 4485 906 4569; x_wconf 91' lang='lat' dir='ltr'>qui</span> <span class='ocrx_word' id='word_1_306' title='bbox 930 4508 958 4550; x_wconf 91' lang='lat' dir='ltr'>a.</span> <span class='ocrx_word' id='word_1_307' title='bbox 976 4485 1005 4549; x_wconf 92' lang='lat' dir='ltr'>d.</span> <span class='ocrx_word' id='word_1_308' title='bbox 1020 4485 1069 4550; x_wconf 94' lang='lat' dir='ltr'>III</span> <span class='ocrx_word' id='word_1_309' title='bbox 1093 4485 1162 4548; x_wconf 89' lang='lat' dir='ltr'>idus</span> <span class='ocrx_word' id='word_1_310' title='bbox 1186 4483 1356 4548; x_wconf 88' lang='lat' dir='ltr'>Ianuarias</span> <span class='ocrx_word' id='word_1_311' title='bbox 1379 4483 1465 4548; x_wconf 87' lang='lat' dir='ltr'>diem</span> 
     </span>
    </p>
   </div>
   <div class='ocr_carea' id='block_1_4' title="bbox 0 0 1615 5082">
    <p class='ocr_par' dir='ltr' id='par_1_5' title="bbox 0 0 1615 5082">
     <span class='ocr_line' id='line_1_38' title="bbox 0 0 1615 5082; baseline 0 0"><span class='ocrx_word' id='word_1_312' title='bbox 0 0 1615 5082; x_wconf 95' lang='lat' dir='ltr'> </span> 
     </span>
    </p>
   </div>
  </div>
 </body>
</html>
