3216 5082
280 311 346 378 470
391 330 439 377 na
464 325 725 376 nacuruamous
750 325 897 389 QVADAM
920 325 1054 374 aarum
1077 323 1354 386 nncounlrroas.

280 473 550 558 disputationem,
581 493 662 558 quae
690 471 754 536 fnit
782 471 820 535 de
848 471 1063 536 declinatione
1086 469 1225 556 quadam
1253 469 1357 536 latina
1380 491 1434 534 re·

280 580 469 664 conditiore,
493 579 544 643 vel
567 578 683 643 leviter
706 577 887 662 attigerint,
917 577 970 642 vix
995 576 1202 642 dubitaturos
1227 577 1436 663 suspicamur

281 689 359 774 quin
392 687 503 753 eadem
535 706 668 769 prorsus
697 685 784 750 inter
811 683 949 749 Verres
979 685 1030 749 vel
1053 683 1184 750 Verris
1213 689 1246 750 et
1268 683 1432 750 Verrius

279 795 404 860 formas
433 797 530 878 atquc
558 792 644 858 inter
667 789 800 858 clodis
828 795 861 856 et
884 789 1059 876 Clodius,
1087 790 1256 858 Caecilia
1280 795 1314 857 et
1336 791 1432 857 an-

281 902 413 984 ciliur,
443 899 610 965 Tusanis
643 903 676 963 et
708 897 914 982 Tusanius,
950 898 1122 984 Ragonio
1155 905 1188 964 et
1206 899 1432 985 'Ragonius‚

281 1009 428 1075 Anavis
457 1011 490 1072 et
519 1006 704 1090 Anavius,
735 1004 912 1082 Menates
941 1011 974 1070 et
1000 1004 1187 1072 Minatius
1217 1007 1301 1073 ratio
1330 1009 1431 1072 inter-

282 1119 382 1184 cedat
426 1114 496 1182 Nec
519 1113 681 1179 dubitavit
703 1114 841 1180 Iacobus
865 1113 1061 1199 Bernaysius
1092 1119 1211 1200 noster,
1238 1138 1258 1181 a
1281 1115 1371 1180 cuius
1395 1115 1432 1180 in

282 1225 344 1290 hac
377 1245 493 1290 caussa
526 1221 747 1286 admonitione
779 1221 1022 1306 proficiscimur.
1071 1222 1140 1288 Nec
1172 1223 1257 1308 quod
1287 1223 1430 1288 eiusdem

283 1331 391 1418 gentis
425 1329 517 1394 aliae.
541 1327 687 1392 familiae
719 1328 888 1412 pristinam
913 1327 1049 1393 Verres
1081 1327 1222 1396 formam
1251 1335 1431 1414 servarunt,

282 1436 495 1502 recentiorem
523 1433 682 1498 Verrius
716 1434 901 1499 asciverunt
929 1434 1025 1518 aliae,
1057 1435 1130 1520 plus
1160 1437 1208 1501 vel
1240 1437 1431 1504 offensionis

283 1545 335 1609 vel
360 1541 543 1608 mirationis
567 1539 668 1604 habet
687 1562 783 1626 quam
803 1541 886 1625 quod
908 1542 1081 1607 earundem
1101 1543 1247 1629 gentium
1265 1547 1299 1609 et
1317 1543 1430 1610 Olau-

284 1651 339 1716 dii
362 1654 394 1716 et
417 1647 560 1734 Clodii,
583 1652 617 1714 et
639 1647 786 1714 Plautii
810 1653 844 1714 et
866 1649 987 1716 Plotii
1010 1650 1150 1716 fuerunt.
1187 1651 1321 1717 Accedit
1343 1653 1431 1738 quod

285 1760 333 1825 ka
356 1759 466 1824 Verria
489 1757 607 1822 dicitur
630 1755 777 1823 Ciceroni
801 1779 905 1823 accus.
932 1758 966 1822 in
990 1755 1081 1822 Verr.
1108 1758 1129 1822 l.
1151 1759 1203 1824 ΠΙ
1231 1782 1256 1824 e.
1278 1759 1331 1844 49,
1353 1761 1430 1825 117:

285 1887 382 1950 quam
405 1863 544 1929 formam
563 1863 647 1927 unde
666 1863 798 1928 tandem
816 1863 881 1928 nisi
898 1868 1065 1949 tamquam
1085 1863 1276 1930 aVerrius
1298 1867 1431 1930 nomine

240 1987 274 2028 lv
285 1971 405 2036 duces?
438 1969 576 2054 quando,
599 1970 654 2054 qui
678 1991 695 2034 e
718 1969 854 2035 Verres
877 1971 936 2034 fiat
957 1968 1114 2036 Verrius
1138 1971 1345 2057 adiectivum,
1374 1997 1431 2058 pa·

286 2099 357 2143 rum
380 2077 526 2163 profecto
549 2076 659 2161 liquet
700 2075 793 2152 Quod
817 2079 925 2141 autem
949 2078 1125 2163 antiquiori
1148 2077 1284 2145 Verres
1306 2079 1431 2146 formae

285 2208 352 2252 non
376 2191 426 2252 est
448 2185 611 2251 recentior
633 2183 763 2249 Verris
791 2183 984 2270 substituta,
1012 2185 1081 2250 eius
1108 2186 1155 2250 rei
1178 2208 1293 2252 caussa
1321 2190 1433 2273 potuit

287 2293 477 2379 appellativi
500 2291 652 2376 nominis,
677 2289 762 2376 quod
786 2293 836 2356 est
858 2313 1002 2377 verreS,
1029 2292 1211 2359 recordatio
1236 2298 1333 2380 atque
1356 2317 1432 2362 con-

287 2401 423 2466 suetudo
456 2421 536 2465 esse.
583 2397 676 2476 Quod
706 2399 733 2463 si
761 2399 868 2484 ipsum
898 2400 1030 2464 transiit
1062 2423 1139 2465 sane
1172 2401 1365 2484 aliquotiens
1397 2403 1437 2466 in-

286 2509 412 2574 verris
436 2508 589 2592 formam,
612 2507 675 2572 hoc
697 2511 808 2572 tamen
830 2507 927 2572 facile
950 2508 1152 2592 intellegitur
1173 2530 1240 2573 non
1263 2509 1339 2574 illuc
1361 2532 1433 2594 per-

286 2617 403 2700 tinere,
436 2615 491 2680 sed
525 2637 636 2680 eornm
669 2613 879 2680 similitudine
910 2615 981 2700 regi
1013 2637 1094 2700 quae
1125 2620 1201 2680 runt
1231 2615 1365 2700 volpes
1399 2620 1434 2680 et

286 2723 427 2808 volpis,
459 2726 617 2809 torques
650 2724 683 2786 et
713 2721 879 2806 torquis,
911 2743 1025 2806 rupes
1054 2725 1087 2786 et
1116 2723 1224 2806 rupis
1257 2745 1329 2787 curn
1358 2723 1433 2788 aliis

286 2830 447 2915 plurimis,
472 2828 510 2893 de
534 2829 651 2913 quibus
670 2828 810 2894 diximus
829 2828 933 2894 Musei
952 2829 1054 2894 Rhen.
1073 2829 1103 2894 X
1121 2853 1152 2914 p.
1167 2830 1231 2895 453
1243 2831 1300 2911 [=
1315 2829 1433 2914 Opusc.

287 2935 321 3000 Il
339 2959 369 3020 p.
385 2934 473 3016 654}
501 2935 616 3020 Itaque
635 2934 907 3020 quemadmodum
930 2937 1068 3021 verris,
1091 2959 1158 3001 non
1181 2958 1327 3021 verres,
1350 2935 1433 3001 Var-

287 3043 360 3108 roni
383 3042 500 3107 dicitur
522 3042 570 3106 rei
593 3044 672 3105 rust.
695 3040 781 3124 11‚4
805 3045 825 3123 ξ
846 3042 865 3107 8
889 3046 983 3108 εὴ’εὴ
1005 3042 1133 3109 videtur
1156 3043 1254 3108 etiam
1278 3044 1298 3123 ἓ
1320 3042 1356 3122 4,
1385 3043 1434 3108 ita

289 3149 406 3213 mirum
428 3151 568 3213 nonest
595 3147 781 3212 hominibus
805 3171 931 3234 quoque
958 3172 1024 3215 non
1042 3149 1178 3216 Verres
1208 3154 1352 3235 tantum,
1375 3151 1433 3215 sed

288 3255 386 3321 etiam
404 3254 534 3322 Verris
562 3275 681 3320 nomeu
703 3255 783 3341 indi,
807 3279 917 3322 verum
941 3257 974 3322 id
997 3279 1191 3343 cognomen,
1214 3253 1280 3323 non
1302 3259 1434 3343 gentili·

289 3361 382 3427 cium.
417 3360 516 3428 Cuius
534 3363 583 3427 rei
600 3385 666 3428 non
680 3361 842 3429 inferioris
861 3367 988 3430 tantum
1003 3366 1120 3430 aetatis
1135 3365 1317 3449 exemplum
1330 3365 1433 3431 habes

289 3467 322 3533 in
345 3467 453 3553 lapide
471 3469 637 3536 Venusino
661 3469 686 3534 I.
709 3470 747 3535 R.
771 3469 811 3536 N.
835 3472 910 3556 849,
934 3472 990 3556 qui
1014 3475 1065 3536 est
1086 3472 1177 3537 talis:

639 3594 1078 3662 ...DIVS·P·F·Hoa

776 3700 938 3768 VERRIS

719 3809 779 3874 EX
799 3843 806 3859 ·
825 3806 1002 3874 TESTAM

289 3935 345 4000 sed
368 3935 466 4018 longe
490 3933 685 3998 luculentius
709 3934 744 3999 in
762 3932 889 4000 Corano
913 3935 1019 4020 titulo,
1044 3937 1172 4002 saeculo
1188 3936 1251 4002 VIl
1275 3937 1433 4022 inscripto

288 4043 323 4106 in
352 4041 429 4106 aede
457 4039 602 4106 Castoris
630 4040 785 4126 Pollucis,
822 4064 919 4126 quem
951 4043 1105 4128 quoniam
1137 4067 1251 4128 parum
1283 4049 1434 4110 accurate

289 4147 487 4213 Muratorius
511 4170 540 4231 p.
558 4147 652 4232 1988,
669 4147 690 4211 3
709 4149 973 4232 repraesentavit,
998 4147 1038 4213 ad
1062 4149 1158 4215 fidem
1182 4150 1328 4216 veritatis
1348 4151 1435 4216 infra

289 4255 475 4340 ponendum
498 4253 647 4320 duximus
671 4253 813 4320 Henrico
837 4254 982 4322 Brunnio
1006 4255 1136 4341 duce*):

379 4447 405 4517 *)
424 4447 508 4518 [Vide
525 4465 600 4504 nune
620 4449 650 4506 C.
670 4449 690 4505 I.
710 4449 740 4505 1..
760 4449 773 4504 1
791 4468 817 4505 n.
835 4454 915 4517 1150;
936 4447 966 4506 P.
986 4449 1017 4504 1..
1037 4449 1072 4504 M.
1093 4449 1124 4506 ld.
1142 4449 1201 4506 tab.
1216 4447 1332 4506 1.me
1347 4449 1395 4522 A]
