3246 5082
311 355 375 421 298
580 370 702 420 ronam
726 370 924 420 servarum
949 369 1185 418 sercmucrvu.

308 513 420 580 Livius
447 513 517 594 XL,
540 513 584 580 52
611 518 644 578 st
672 512 760 598 XLI,
782 513 826 580 28
853 512 1028 578 memoriae
1060 512 1217 598 prodidit:
1250 517 1347 599 atque
1375 513 1455 579 adeo

309 621 350 686 ab
374 620 487 687 eodem
509 620 604 687 Livio
627 621 690 704 VI,
712 621 755 686 29
784 623 1071 686 commemoratum
1101 619 1137 685 Τ.
1160 619 1305 698 Quinctii
1329 617 1454 686 Cincin-

308 729 392 813 nati,
422 728 590 795 dictatorie
614 751 641 796 a.
661 729 740 814 374,
768 728 807 793 de
835 727 1001 812 triumpho
1029 726 1242 793 Praenestino
1270 747 1453 792 mouumen-

308 839 378 900 tum
397 835 438 901 ad
457 835 542 901 idem
561 858 662 922 genus
680 856 746 902 non
769 836 839 901 sine
858 835 965 920 speeie
983 839 1021 900 ut
1038 839 1190 920 putamus
1213 834 1454 918 probabilitatis

308 946 385 1027 post
407 939 623 1009 Niebuhrium
646 941 874 1009 referebamus.

396 1047 447 1114 Ex
470 1047 522 1115 his
546 1050 653 1116 titulis
676 1050 755 1135 quin
778 1053 811 1115 et
834 1047 1087 1134 Sempronianus
1116 1053 1150 1114 et
1172 1047 1375 1114 Aemilianus
1400 1047 1455 1114 Se-

308 1157 435 1222 turnios
457 1179 570 1224 versus
594 1179 672 1242 prae
692 1179 726 1222 sc
744 1156 880 1240 ferrent,
903 1177 962 1220 nec
981 1155 1048 1221 fere
1067 1153 1251 1220 dubitatum
1272 1157 1324 1220 est
1342 1177 1361 1220 a
1379 1176 1454 1240 quo·

308 1285 405 1348 quam
428 1285 487 1329 nec
509 1263 606 1330 facile
629 1262 736 1348 potuit
758 1261 915 1327 dubitari:
944 1260 1071 1346 quando
1096 1265 1132 1326 et
1154 1261 1257 1346 ipsius
1280 1261 1454 1326 Aemiliani

308 1364 503 1454 principium
535 1391 594 1454 pro
623 1367 770 1452 exemplo
804 1367 899 1432 metri
928 1364 1073 1432 Saturnii
1101 1367 1224 1433 Atilius
1252 1366 1455 1434 Fortunatia-

309 1497 370 1540 nus
392 1499 423 1561 p.
441 1477 530 1542 2680
552 1477 588 1543 Ρ.
610 1475 723 1561 posuit
750 1479 783 1540 et
806 1475 844 1540 de
867 1496 956 1541 more
979 1473 1088 1539 ‘duces
1111 1473 1276 1541 Romanos
1299 1475 1453 1541 uictoriae

310 1603 387 1648 suae
410 1582 524 1650 titulos
540 1581 700 1650 Saturniie
718 1582 866 1648 uersibus
885 1585 1075 1666 prosecutos
1095 1603 1165 1647 esee
1183 1582 1218 1646 iu
1235 1581 1357 1647 tabulis
1376 1604 1454 1668 quas

310 1691 344 1756 in
368 1689 530 1776 Capitolio
554 1688 714 1778 figerent’,
738 1691 824 1755 idem
846 1693 960 1774 aperto
979 1689 1166 1754 testimonio
1190 1688 1375 1755 declaravit.
1411 1689 1456 1754 Et

282 1801 420 1863 «tarum
447 1820 560 1865 versus
589 1821 659 1866 esse
687 1819 768 1884 quos
796 1796 968 1883 perscribit
1000 1796 1090 1861 nullo
1112 1794 1226 1860 Livius
1258 1796 1328 1880 ipse
1356 1798 1455 1862 verbo

310 1905 484 1990 siguificat.
530 1905 619 1983 Quae
651 1927 703 1971 res
736 1927 802 1970 non
834 1904 944 1989 potuit
974 1925 1040 1968 non
1073 1903 1286 1988 suspitionem
1318 1924 1456 1988 movere,

310 2009 409 2075 etiam
433 2011 511 2077 alibi
539 2033 691 2078 numeros
716 2012 857 2095 subesse,
880 2010 935 2076 ubi
959 2009 1111 2074 indicium
1134 2009 1230 2073 metri
1253 2008 1379 2077 nullum
1403 2009 1455 2075 Li·

309 2117 382 2184 vius
414 2117 449 2182 in
480 2122 625 2184 veterum
663 2120 945 2184 monumentorum
983 2115 1090 2180 verbis
1122 2115 1294 2182 afferendis
1326 2116 1456 2184 iaceret.

309 2221 379 2288 Nec
407 2245 496 2309 spem
525 2224 640 2291 fallere
667 2229 814 2291 eventus:
845 2225 946 2289 immo
975 2222 1071 2308 plura
1098 2221 1200 2289 indies
1219 2221 1456 2312 'Satumiorum

310 2331 457 2416 exempla
479 2331 668 2419 diligentius
692 2355 788 2418 quam
809 2331 943 2397 calidius
962 2330 1234 2415 circumspicienti
1253 2331 1372 2397 offerri.
1406 2333 1456 2399 Eo

309 2438 410 2524 igitur
432 2440 600 2524 spectabat
621 2439 707 2525 quod
731 2461 815 2505 auno
831 2454 1053 2506 01orocccu111
1077 2435 1228 2503 ‘feracem
1247 2460 1455 2506 numerorum

308 2547 516 2630 quantumvis
540 2547 681 2614 rudium'
704 2547 740 2614 T.
758 2547 887 2613 Livium
910 2546 1057 2612 dicebam
1080 2545 1116 2610 in
1140 2544 1359 2630 Anthologiae
1382 2547 1455 2612 lati·

309 2675 370 2719 nae
394 2654 564 2721 corollario
588 2655 799 2740 epigrapbico
822 2677 853 2738 p.
870 2651 919 2719 ΠΙ
945 2650 1059 2734 [supra
1080 2673 1111 2736 p.
1129 2650 1220 2732 2381.

397 2760 475 2826 Mox
507 2761 651 2827 animum
684 2761 873 2828 advertebat
904 2760 939 2825 in
970 2758 1087 2825 horum
1117 2758 1336 2843 exemplorum
1363 2765 1455 2844 parte

309 2868 549 2951 frequentatum
582 2889 736 2934 carmen
766 2867 969 2932 vocabulum.
1024 2863 1072 2930 De
1105 2886 1169 2950 quo
1202 2867 1361 2933 vocabulo
1393 2869 1454 2934 etsi

308 2995 375 3038 non
403 2995 480 3038 sane
507 2974 700 3058 ignorabam
728 2973 826 3058 longo
855 2995 895 3038 ex
921 2977 1067 3057 tempore
1095 2973 1141 3038 sic
1169 2973 1269 3038 statui
1292 2977 1454 3041 communi

310 3079 454 3144 omnium
478 3080 654 3164 sententia,
685 3079 736 3144 illi
755 3084 797 3145 ut
819 3101 885 3146 nou
912 3079 1072 3166 poematis
1100 3083 1244 3164 tantum,
1276 3081 1453 3146 sedetiam

310 3184 491 3251 ‘formulae’
520 3187 692 3253 cuiuslibet
727 3187 893 3273 conceptis
925 3187 1033 3253 verbis
1066 3188 1278 3272 compositae,
1313 3188 1453 3254 numeris

309 3297 417 3358 autem
440 3315 506 3360 non
534 3293 688 3360 astrictae
715 3295 880 3360 notionem
910 3293 1065 3359 tribuisse
1088 3295 1214 3361 neuros
1238 3295 1454 3380 crederentur,

308 3405 421 3467 tamen
444 3402 725 3488 operaepretium
747 3401 892 3468 facturus
922 3400 1066 3486 videbar,
1094 3401 1122 3466 si
1145 3423 1227 3488 quae
1250 3423 1383 3468 caussae
1406 3425 1452 3468 es·

309 3512 384 3575 sent
406 3510 604 3577 inveteratae
627 3509 790 3595 opinionis
814 3529 1001 3594 quaererem
1024 3509 1216 3574 accuratius.
1247 3506 1453 3575 Intellectum

309 3619 359 3682 est
382 3619 416 3680 et
438 3617 534 3682 certis
553 3616 753 3702 argumentis
773 3619 806 3681 et
823 3615 947 3681 idoneis
966 3613 1146 3680 rationibus
1161 3614 1351 3681 destitutam
1370 3637 1453 3682 esse:

309 3721 528 3807 exemplorum
561 3723 704 3789 omnium
736 3722 790 3788 vix
817 3721 920 3788 ullum
948 3723 996 3788 ita
1022 3726 1260 3808 comparatum,
1291 3726 1328 3788 ut
1359 3723 1454 3788 metri

309 3828 541 3915 cogitationem
568 3829 750 3895 necessario
777 3830 972 3896 excluderet:
1004 3829 1144 3914 plurima
1174 3829 1215 3895 ad
1246 3851 1453 3896 numerorum

307 3935 475 4002 notionem
499 3939 556 4002 aut
579 3933 719 4020 speciem
746 3936 798 4000 vel
830 3941 942 4021 suapte
969 3941 1087 4002 natura
1115 3936 1264 4002 accedere
1291 3938 1343 4002 vel
1373 3937 1453 4004 artis

308 4041 540 4128 probabilitate
573 4043 823 4109 accommodari:
860 4044 1018 4129 quaedam
1049 4065 1090 4108 ne
1118 4041 1291 4109 admittere
1324 4044 1453 4129 quidem

309 4170 425 4236 prosae
448 4149 607 4215 orationis
630 4149 901 4220 informationem.
939 4149 1030 4228 Quod
1053 4171 1119 4216 non
1141 4149 1290 4216 latuisset
1311 4155 1401 4237 puto,
1424 4151 1453 4216 si

308 4257 343 4321 in
362 4253 585 4322 Saturniorum
608 4255 718 4343 potius
737 4257 946 4324 domesticam
966 4255 1176 4341 asperitatem
1196 4279 1292 4341 quam
1311 4257 1345 4323 in
1361 4277 1454 4343 grae-

309 4361 438 4428 canicae
466 4363 547 4430 artis
575 4363 772 4449 elegantiam
801 4362 975 4430 latinitatis
1003 4363 1152 4429 doctores
1179 4363 1284 4429 nostri
1309 4367 1453 4430 mentem

309 4469 533 4555 intendissent,
555 4469 781 4538 Saturniorum
804 4475 913 4537 autem
936 4491 990 4536 eas
1010 4469 1098 4558 leges
1116 4473 1302 4556 perspectas
1322 4467 1454 4537 habuis·
