3216 5082
314 359 380 424 534
549 373 692 424 cursous
717 375 940 423 nsmurrsrrs
964 373 1223 422 amensamens

314 517 467 600 lentiam,
491 539 587 602 quam
610 539 684 582 cum
708 539 766 582 sua
785 518 1053 603 interpretatione
1073 540 1143 584 esse
1163 518 1368 584 coniunctam
1393 542 1466 584 sen·
1567 541 1568 544 ¹

314 626 372 708 sit,
402 625 606 709 aliquatenus
635 625 779 690 excusari
807 625 900 690 dicat.
947 625 1087 691 Gravius
1111 624 1214 690 videri
1242 629 1353 709 potest
1375 627 1465 712 quod

315 731 485 815 adipsum
509 733 635 796 eastum
660 736 799 815 spectat:
831 731 918 797 hunc
946 732 1045 818 enim,
1076 733 1132 818 qui
1156 733 1353 798 Graecorum
1377 734 1465 799 inter

314 839 481 904 Romanos
510 859 676 904 sacrorum
707 839 857 924 proprius
880 839 979 903 fuerit
1001 843 1038 905 ut
1060 839 1239 905 Isiacorum
1263 839 1466 927 Cererisque,

314 967 380 1012 nou
407 967 503 1030 posse
530 967 595 1011 uou
623 943 785 1010 offendere
814 944 896 1010 ‘iam
922 947 1119 1011 translatum
1148 947 1188 1012 ad
1217 948 1368 1032 quintum
1396 970 1465 1014 sex·

314 1056 424 1118 tumve
448 1053 537 1117 urbis
562 1052 725 1118 saeculum
754 1056 787 1116 et
815 1052 855 1117 ad
879 1075 971 1118 sacra
993 1053 1127 1119 Iunonis
1150 1052 1305 1137 Lucinae,
1333 1053 1414 1120 deae
1438 1055 1466 1119 si

316 1182 380 1245 qua
403 1159 468 1224 alia
496 1163 544 1224 est
572 1159 668 1243 plane
692 1157 881 1225 Romanac'.
926 1158 973 1224 Et
996 1161 1035 1225 ad
1061 1165 1201 1226 aetatem
1225 1161 1353 1245 quidem
1377 1161 1464 1246 quod

317 1267 447 1349 attinet,
479 1267 581 1332 miror
607 1265 845 1333 Mommsenum
874 1289 986 1332 eorum
1017 1267 1155 1332 oblitum
1183 1289 1252 1332 esse
1282 1289 1364 1352 quae
1393 1268 1465 1352 ipse

317 1373 534 1456 adscripscrat
551 1372 649 1438 titulo
665 1373 795 1438 ‘litteris
817 1374 1053 1459 antiquissimis
1073 1375 1206 1460 scripto’
1221 1377 1325 1442 u.8ll
1343 1397 1373 1459 p.
1384 1376 1464 1439 207:

316 1478 501 1564 ‘legendum
525 1479 665 1545 fortasse
688 1479 876 1546 causans
900 1479 1033 1560 ossae,
1063 1503 1100 1547 eo
1124 1483 1229 1567 magis
1253 1481 1340 1568 quod
1363 1487 1467 1547 coebo

317 1584 436 1652 Cereris
467 1609 534 1652 non
562 1589 662 1653 semel
694 1587 882 1654 nominatur
909 1587 963 1674 (cf.
986 1587 1072 1654 Fest.
1096 1613 1127 1674 p.
1148 1589 1211 1654 154
1241 1612 1269 1654 v.
1292 1589 1465 1670 minuitu13
1567 1665 1568 1676 ,

316 1692 584 1780 Arnob.5,16).'
630 1694 678 1760 Ac
702 1695 857 1780 profecto,
881 1696 909 1760 si
933 1717 1044 1760 verum
1067 1696 1215 1760 volumus
1238 1695 1350 1781 fateri,
1373 1719 1394 1761 a
1417 1717 1465 1760 ra·
1567 1731 1568 1748 κ

317 1801 420 1885 ceptis
448 1801 541 1867 libris
570 1800 753 1884 Sibyllinis,
787 1803 839 1866 uel
867 1806 904 1866 ut
930 1801 1115 1866 distinctius
1145 1801 1273 1885 loquar,
1310 1823 1330 1866 a
1357 1803 1465 1868 medio

316 1907 419 1972 forme
442 1907 569 1978 saeculo
592 1908 691 1973 tertio
716 1907 757 1972 ad
781 1908 886 1992 quinti
910 1907 1054 1992 sentique
1078 1907 1217 1972 confinia
1236 1911 1288 1972 sat
1309 1928 1465 1993 magnum
1567 1967 1568 1972 ,

316 2012 472 2096 temporis
504 2014 647 2096 spatium
680 2013 936 2096 praeterlapsum
969 2018 1051 2096 erat,
1084 2035 1148 2098 quo
1176 2035 1249 2079 cum
1277 2013 1348 2097 ipso
1375 2015 1466 2079 cultu
1567 1995 1568 2014 ¹

318 2116 444 2183 Cereris
468 2118 568 2184 etiam
587 2115 728 2184 Graecus
752 2119 835 2184 ritus
858 2120 1123 2184 increbresceret:
1147 2119 1251 2204 quode
1271 2119 1371 2204 digna
1390 2125 1466 2185 sunt

318 2242 398 2309 quae
422 2225 631 2292 conferantur
658 2225 839 2310 composita
868 2249 887 2290 a
909 2224 1119 2311 Marquardto
1142 2226 1330 2291 testimonia
1353 2225 1465 2314 Antiq.

317 2332 411 2397 Rom.
435 2331 588 2396 enchirid.
611 2335 634 2396 t.
653 2331 701 2398 IV
724 2355 753 2416 p.
769 2333 834 2397 309
850 2354 897 2416 sq.
938 2331 1044 2408 Quid?
1069 2333 1154 2417 quod
1177 2333 1284 2417 ipsum
1307 2333 1465 2404 ieiunium

317 2439 383 2504 iam
407 2438 642 2523 antiquissimis
666 2439 767 2504 sacris
791 2437 918 2504 Cereris
948 2439 1047 2504 certis
1071 2439 1179 2504 verbis
1203 2438 1380 2524 Dionysius
1405 2441 1465 2506 Ar-

318 2545 439 2612 chaeol.
461 2544 478 2610 I
502 2546 745 2611 caccubum:
772 2546 940 2626 lbpricuvrc
969 2547 1005 2610 δὲ
1029 2548 1080 2611 καὶ
1103 2547 1274 2626 Δήμητρος
1301 2546 1392 2626 ἱερὸν
1416 2550 1466 2613 καὶ

317 2653 373 2717 τὰ(
397 2653 503 2720 θυείας
527 2654 606 2738 αὐτῇ
631 2655 683 2718 διὰ
705 2656 875 2731 γυναικῶνΙ
894 2675 930 2719 τε
958 2654 1010 2718 καὶ
1037 2653 1253 2734 νηφαλίους
1281 2652 1399 2720 iturus
1422 2655 1466 2719 ibt

317 2761 447 2839 “Etlno
471 2761 583 2840 νόμος,
607 2759 654 2826 ὧν
677 2761 774 2826 οὐδὲν
798 2760 816 2824 ὁ
840 2759 914 2826 καθ’
932 2762 1012 2840 ἡμᾶς
1030 2761 1148 2840 ἤλλαξε
1173 2759 1304 2839 χρόνοεε
1328 2761 1384 2845 qui
1404 2763 1465 2826 etsi
1567 2759 1568 2832 ῗ

318 2867 357 2931 de
380 2867 496 2951 templi
519 2871 681 2932 vetustate
706 2869 846 2934 somniat
869 2889 960 2952 sane,
987 2871 1097 2932 tamen
1121 2869 1227 2950 ipsum
1251 2867 1350 2932 ritum
1375 2891 1395 2932 a
1417 2891 1465 2933 rc·

319 2973 471 3038 centioris
500 2973 629 3038 demum
659 2973 776 3038 aetatis
806 2974 1003 3059 cogitatione
1036 2976 1146 3058 aperte
1175 2977 1334 3058 segregat
1379 2973 1466 3039 Nam

318 3079 404 3163 quod
434 3101 518 3145 anuo
542 3103 572 3143 u.
596 3099 621 3143 c.
640 3079 706 3144 563
736 3078 901 3143 ‘ieiunium
933 3079 1169 3146 instituendum
1197 3077 1306 3144 Cereri
1335 3103 1405 3146 esse
1433 3087 1467 3146 et

318 3185 351 3250 id
375 3185 488 3272 quinto
513 3207 638 3270 quoque
662 3207 747 3250 anuo
768 3185 973 3250 servandum'
991 3187 1166 3253 decemviri
1185 3185 1286 3252 saeris
1305 3185 1465 3251 faciundis

318 3293 546 3358 renuntiarunt
568 3295 653 3360 teste
672 3293 765 3358 Livio
785 3292 939 3378 XXXVI,
957 3295 1009 3379 37,
1032 3295 1065 3360 id
1088 3317 1161 3360 cum
1185 3293 1224 3358 de
1248 3293 1344 3359 certis
1363 3295 1465 3360 sacris

319 3401 611 3487 quinquennalibus
648 3403 682 3468 iu
699 3399 926 3486 erpretandum
964 3401 1020 3486 sit,
1057 3422 1116 3467 uec
1152 3402 1317 3485 privatum
1354 3401 1464 3466 ieiunii

319 3528 412 3574 usum
436 3531 473 3575 sc
495 3531 536 3574 ne
560 3509 724 3593 publicum
748 3508 876 3592 quidem
895 3509 998 3572 multo
1018 3509 1233 3592 antiquiorem
1252 3509 1403 3574 excludit.
1422 3545 1463 3555 —

319 3617 367 3681 Ac
389 3620 518 3681 tantum
542 3615 669 3700 quidem
694 3614 733 3679 de
756 3617 846 3679 castu
870 3612 1007 3680 Cereris,
1055 3613 1191 3690 Qualem
1216 3619 1341 3682 castum
1365 3617 1464 3682 etiam
1567 3685 1568 3712 ,

320 3723 359 3787 ad
387 3721 543 3788 Iunonem
571 3721 726 3786 Lucinam
753 3721 948 3787 translatum
980 3745 1050 3788 esse
1080 3723 1220 3807 scriptor
1251 3745 1329 3788 saue
1355 3724 1464 3789 nullus
1567 3779 1568 3782 ,

319 3829 473 3914 prodidit,
502 3827 556 3892 sed
585 3831 866 3894 monumentorum
894 3849 997 3913 genus
1024 3829 1140 3894 testari
1163 3829 1347 3914 videbatur,
1379 3831 1465 3915 quod
1567 3871 1568 3912 i

318 3941 370 4004 tot
392 3934 613 4019 exemplorum
637 3935 843 4002 multitudiue
867 3937 1023 4002 vicarium
1046 3937 1241 4021 scriptorum
1265 3938 1390 4022 experti
1414 3959 1464 4002 su·
1567 3917 1568 3944 ¹

321 4065 391 4110 mus
414 4041 537 4127 insigni
564 4040 678 4108 horum
707 4043 885 4108 studiorum
910 4043 1076 4127 beneficio,
1105 4043 1136 4108 h.
1161 4065 1186 4109 e.
1211 4043 1463 4129 epigraphicum.
1567 4033 1568 4054 ¹

320 4151 453 4234 Absque
476 4171 539 4235 quo
562 4155 662 4234 esset,
686 4155 766 4235 quot
785 4171 904 4234 quaeso
924 4171 976 4214 res
1001 4153 1033 4214 et
1052 4151 1135 4216 scitu
1155 4155 1188 4215 et
1202 4151 1324 4216 creditu
1344 4149 1464 4236 diguis-
1567 4227 1568 4236 ἵ

233 4282 303 4322 xvu
320 4257 419 4321 simas
451 4255 698 4342 ignoraremus?
743 4255 781 4322 In
809 4279 872 4342 quo
900 4278 1016 4341 genere
1045 4257 1282 4322 concedendum
1315 4261 1365 4322 est
1392 4279 1464 4322 ean·
1567 4267 1568 4294 ¹

320 4363 407 4448 dem,
439 4385 535 4448 quam
563 4363 596 4428 in
626 4361 788 4446 omuibus,
820 4363 925 4448 legem
956 4362 1078 4447 valere,
1110 4367 1147 4428 ut
1173 4386 1214 4428 us
1242 4361 1317 4448 quid
1347 4363 1465 4428 audeat
1567 4447 1568 4450 Ἴ

321 4471 506 4536 coniectura
533 4469 619 4553 quod
647 4469 698 4533 vel
726 4470 810 4534 ratio
838 4470 890 4534 vel
919 4470 1115 4535 consuetudo
1144 4471 1194 4534 vel
1218 4475 1254 4534 ut
1275 4491 1340 4534 uno
1364 4471 1464 4536 verbo
1567 4455 1568 4458 Ἴ
