3116 5066
222 399 362 449 vacuous
387 401 594 451 cumiuerso
617 403 664 450 nr
687 403 719 451 1..
738 403 861 452 nccrvs
886 403 1146 453 cunnulrrcvs.
1195 389 1257 453 143

146 537 232 621 ipsam
259 545 391 608 estatem
422 549 540 631 totam,
572 547 663 612 cuiue
692 547 782 612 fuera
810 546 923 612 Livius
950 547 1158 633 Naeviusque
1186 569 1258 613 cum

143 647 275 728 proximis
299 673 399 737 usque
427 653 469 719 ad
491 654 626 720 Accium
653 654 769 740 poetis.
815 655 911 719 Velut
942 677 1074 738 prorsus
1104 655 1260 741 ignorant

141 754 362 835 geminationem
382 757 570 845 Scipionum
592 760 682 826 tituli
705 761 745 827 ad
769 783 867 826 unum
889 783 1000 828 omnes
1018 761 1259 846 praestantissi-

139 881 269 948 mumque
289 865 325 932 de
347 865 566 934 Bacanalibus
594 873 838 934 monumentum
866 869 960 954 illud3
991 891 1051 934 nec
1078 870 1183 954 magis
1207 869 1259 934 vel

138 965 321 1038 Pinaormm
344 974 468 1058 lapides
490 979 611 1041 norunt
632 976 684 1042 vel
707 974 879 1042 Furiorum
902 977 1085 1061 sepulcrum
1106 975 1257 1042 Tuscula·

122 1094 207 1138 mum
226 1079 270 1142 sel
289 1079 428 1146 laminae
457 1104 569 1148 aereae
596 1083 843 1167 antiquissimae
871 1082 922 1146 vel
950 1082 985 1146 in
1010 1083 1099 1147 vasis
1130 1083 1258 1168 quibus-

134 1179 204 1246 dam
223 1187 252 1247 et
270 1185 385 1272 figlinis
408 1188 515 1272 pictae
538 1189 746 1275 epigraphae.
786 1188 832 1254 Vt
854 1187 1000 1273 profecto
1023 1210 1090 1254 non
1113 1194 1192 1274 agat
1213 1193 1259 1252 te-

136 1309 220 1374 mere,
241 1293 289 1375 qui
310 1293 348 1360 dc
371 1295 433 1360 lide
456 1296 714 1373 Quinctiliameae
741 1295 937 1360 narrationis
960 1295 1139 1379 paullulum
1162 1296 1258 1361 addu-

138 1395 227 1462 bitare
247 1402 384 1487 coeperit
406 1425 540 1490 eamque
559 1404 796 1470 dubitationem
819 1425 897 1469 num
916 1427 979 1488 quo
998 1404 1189 1469 documento
1207 1403 1258 1468 vel

137 1509 392 1588 argumentatione
416 1509 544 1575 firmare
566 1511 684 1595 possit,
708 1510 956 1595 circumspiciat.
997 1509 1090 1587 Quod
1111 1510 1258 1575 facienti·

137 1609 186 1674 bus
207 1613 335 1697 primum
355 1638 424 1682 non
446 1617 569 1702 poterit
590 1640 656 1684 non
678 1617 797 1684 mirum
821 1618 965 1684 accidere
989 1618 1089 1703 quod,
1112 1618 1174 1682 etsi
1197 1617 1258 1682 Ac-

136 1716 208 1782 cium
232 1720 262 1786 in
287 1725 323 1787 aa
351 1724 542 1808 quaestione
569 1723 627 1789 alii
655 1723 859 1810 grammatici
887 1723 967 1788 item
995 1728 1259 1808 commemorant,

135 1825 228 1892 tamen
247 1828 277 1892 id
298 1829 396 1916 longe
420 1831 487 1896 alis
508 1832 634 1897 ratione
661 1831 800 1897 faciunt:
832 1851 892 1895 nec
915 1831 1001 1896 enirn
1032 1831 1078 1896 ad
1100 1829 1258 1895 Accium

136 1935 163 1994 et
181 1934 266 2020 ultra,
286 1941 322 2001 ut
346 1935 596 2022 Quinctilianns‚
620 1959 690 2003 esse
714 1937 913 2023 geminatum
938 1937 1097 2020 scribunt,
1126 1937 1181 2002 sed
1204 1957 1257 2022 ge·

136 2037 272 2108 minatum
294 2044 339 2109 ab
363 2044 491 2110 Accio
538 2043 591 2111 Sic
614 2046 699 2110 enim
717 2043 829 2110 Velius
852 2044 986 2131 Longus
1009 2067 1040 2129 p.
1059 2045 1160 2110 222οε
1182 2065 1258 2110 acm

135 2150 307 2217 uenatum
329 2153 423 2217 secuti
444 2173 552 2219 mmars
573 2173 691 2236 semper
712 2153 832 2218 uacuas
850 2154 1057 2237 passionalem
1079 2151 1259 2234 uticumpae

131 2256 289 2331 producitur
306 2258 434 2344 syllaba,
451 2260 599 2342 pacatam
616 2259 756 2342 expedita
773 2259 856 2325 debet
872 2279 935 2325 esee
947 2260 1082 2326 caedicio
1099 2259 1257 2326 sumendi.

135 2355 189 2426 Neo
208 2366 308 2431 minus
332 2347 443 2451 aperte
466 2365 636 2432 Terentius
660 2365 800 2432 Scaurus
823 2388 853 2452 p.
873 2365 975 2432 2255:
998 2369 1140 2450 paurum
1162 2368 1259 2449 parur

131 2486 177 2544 per
194 2473 382 2538 mammon
401 2473 459 2538 illa
480 2475 626 2540 uideatur
648 2493 710 2540 asse
726 2475 850 2557 uitiosa,
871 2475 953 2556 quod
964 2475 1078 2539 Areias
1093 2473 1258 2556 paaimatis

135 2577 268 2646 tammus
288 2581 381 2646 scroti
407 2585 524 2646 matura
548 2582 655 2666 tompus
677 2580 813 2666 syllabas
834 2580 946 2664 uoluit,
972 2601 1041 2645 cum
1064 2579 1181 2662 eliopoli
1202 2581 1258 2644 ad-

136 2677 195 2748 iecto
210 2688 254 2751 oct
271 2689 390 2754 mttoto
403 2690 489 2770 apice
502 2689 705 2772 loupitardiais
718 2691 747 2752 et
760 2687 920 2753 breuitatis
932 2692 1007 2753 uota
1014 2691 1117 2770 posset
1134 2687 1257 2752 ostendi.

134 2805 194 2854 acm
221 2796 389 2879 amputares
415 2797 536 2862 uaccas
565 2801 595 2862 et
614 2796 747 2879 produci
773 2799 802 2860 et
829 2795 944 2878 corm'pi
972 2799 1103 2878 possunt
1130 2816 1156 2858 c.
1180 2815 1209 2879 q.
1233 2817 1258 2859 s.

135 2891 210 2964 Hanc
234 2903 335 2988 igitur
367 2903 402 2968 in
429 2907 556 2988 partem
584 2903 650 2967 illis
679 2903 876 2968 testantibus
905 2924 1022 2988 operae
1044 2902 1184 2987 pretium
1208 2905 1258 2966 est

135 3007 301 3094 expendere,
334 3009 411 3095 quid
443 3009 577 3075 tandem
607 3008 730 3074 Marius
758 3009 945 3076 Victorinus
978 3008 1103 3094 prodat.
1159 3006 1257 3074 (luins

135 3113 203 3190 apud
223 3113 411 3181 Putschium
435 3139 466 3201 p.
485 3117 583 3196 2456,
606 3115 812 3200 Gaisfordum
835 3139 866 3201 p.
886 3117 905 3182 8
934 3116 1032 3182 verba
1054 3115 1141 3180 infra
1162 3115 1258 3199 posui

134 3215 223 3296 qualia
239 3221 272 3286 in
285 3221 434 3288 Parisino
458 3223 543 3288 libro
562 3223 724 3307 leguntur,
748 3243 767 3285 a
789 3243 852 3306 quo
875 3243 940 3286 non
964 3221 1090 3286 differre
1114 3220 1257 3286 eiusdem

134 3327 233 3390 saeculi
260 3327 492 3395 Valentianum
524 3327 685 3394 Henricus
717 3328 843 3393 Keilius
880 3349 932 3392 me
964 3328 1135 3392 certiorem
1166 3326 1257 3392 facit:

135 3426 227 3499 Aeacos
245 3457 318 3501 aero
341 3457 410 3502 crem
431 3437 572 3502 cautaret
590 3436 725 3522 auguios
744 3436 880 3522 ungules
898 3433 1079 3518 imponebat.
1111 3435 1191 3501 aaa
1205 3457 1258 3500 arec

134 3537 277 3609 alituum
303 3564 359 3610 uec
386 3566 407 3627 y
435 3544 471 3608 iu
498 3543 793 3622 rerumrerum,
820 3542 997 3626 quinquae
1024 3547 1095 3608 autc
1122 3542 1259 3624 secernat

134 3637 254 3716 Nomius
280 3655 310 3716 ct
334 3651 461 3730 iricius,
493 3671 561 3716 mm
594 3651 685 3734 lampa
716 3650 836 3733 syllaba
867 3650 1026 3716 sammua
1059 3654 1145 3726 esset,
1177 3651 1259 3714 duas

134 3756 232 3823 amc
256 3759 425 3843 mount,
450 3765 670 3842 praeterquam
702 3779 780 3841 patae
810 3757 845 3822 im
878 3756 889 3821 i
921 3757 1042 3822 literam
1076 3757 1257 3833 tacueram,

133 3851 198 3924 laur
219 3869 298 3932 euim
319 3888 379 3951 per
402 3889 419 3931 e
441 3871 470 3931 ct
491 3867 502 3930 i
525 3865 702 3932 saibebamt.
753 3864 819 3931 Vbi
846 3865 959 3948 appuis
980 3865 1108 3948 apparas
1136 3862 1256 3928 aditum

135 3964 324 4058 oPooschio,
355 3978 389 4038 at
415 3975 488 4038 item
514 3996 574 4058 pro
601 3974 691 4039 idem.
745 3971 879 4036 Hiaoino
908 3971 1010 4058 igitur
1039 3975 1108 4035 tam
1142 3969 1257 4034 misere

135 4081 276 4162 acceptis
307 4083 416 4147 verbis
452 4081 731 4166 corruptelamque
767 4099 858 4144 suam
895 4079 1004 4162 palam
1042 4075 1257 4142 clamantibus

134 4181 206 4248 tradi
225 4188 369 4270 potuisse
389 4189 480 4254 Accii
495 4186 620 4254 Naevii
642 4185 726 4250 Livii
749 4207 952 4250 communem
975 4183 1161 4270 geminandi
1185 4203 1257 4248 con·

135 4291 314 4360 sumniam
336 4293 460 4361 fuisso?
496 4294 586 4372 Quae
609 4293 665 4378 qui
687 4292 797 4377 paullo
821 4292 926 4356 minus
948 4289 1165 4375 incogitantes
1186 4311 1256 4375 pcr-

136 4387 240 4486 ltgerit,
261 4401 356 4468 facila
379 4401 546 4487 intelleget
567 4399 658 4465 facili
677 4420 775 4484 opera
794 4397 840 4462 sic
854 4396 1030 4462 emendari:
1053 4396 1167 4462 Accius
1184 4417 1257 4462 uero

135 4512 191 4563 ouor
213 4508 349 4574 scateret
378 4507 530 4594 angulus,
557 4509 695 4594 aggarlus
717 4505 858 4590 ponebat.
903 4505 983 4572 idem
1010 4525 1064 4572 uec
1090 4527 1107 4570 a
1134 4505 1257 4574 literam
