3282 5076
308 367 369 431 188
451 382 600 428 rrrvuvs
625 381 814 429 convenas
839 381 1046 428 uosunarau
1071 381 1302 428 DVELLIANAF..

304 520 509 611 gravioribus
533 525 683 590 omnibus
707 527 776 588 tum
800 509 976 588 levioribus
1000 523 1160 607 plerisque
1183 523 1262 587 adeo
1287 545 1358 588 cum
1373 523 1447 607 Lip-

304 632 404 696 sianis
423 630 656 717 Pighianisquc
680 634 873 715 congruunt,
897 630 985 694 casui
1009 634 1045 693 ut
1068 651 1105 693 ea
1126 629 1159 692 in
1178 651 1212 692 re
1231 629 1339 694 nullus
1358 630 1448 696 locus

305 739 355 802 sit.
393 735 486 814 Quod
513 740 622 802 autem
650 737 735 802 inter
763 740 914 821 utrosque
937 735 1171 821 discrepantiae
1202 737 1383 821 intercedit,
1415 739 1447 803 id

304 845 366 909 etsi
389 844 556 910 fatendum
580 847 629 908 est
652 865 742 928 sane,
775 845 828 910 ubi
857 865 914 928 per
942 867 976 908 sc
1000 847 1175 929 spectetur,
1207 846 1255 908 ita
1281 839 1461 928 compara·'

304 955 374 1017 tum
397 974 480 1036 esse,
504 957 541 1016 ut
563 973 635 1015 enm
659 952 781 1016 maiore
804 951 1047 1034 probabilitatis
1071 951 1177 1035 specie
1197 951 1353 1036 quaedam
1378 973 1447 1016 esse

304 1058 465 1124 inutiliter
488 1057 598 1124 addita
620 1055 831 1124 aOiacconio
855 1059 1016 1144 quispiam
1045 1059 1108 1124 sibi
1136 1059 1328 1143 persuadeat
1351 1081 1446 1144 quam

304 1166 436 1231 abillis
460 1168 596 1230 resecta:
628 1169 736 1230 tamen
764 1166 848 1231 unde
877 1166 1008 1232 tandem
1036 1166 1151 1232 horum
1180 1166 1324 1250 ipsorum
1352 1189 1446 1232 ouras

304 1273 437 1338 omnino
464 1273 665 1336 innotescere
693 1274 837 1358 potuisse
862 1271 1033 1338 Giacconio
1062 1273 1207 1356 putabis,
1235 1273 1353 1358 quippe
1381 1275 1445 1340 iarn

304 1401 390 1445 anno
418 1395 618 1446 01010Lxxxr
651 1381 802 1445 mortuo?
849 1379 969 1456 Quodsi
997 1401 1037 1444 ue
1061 1377 1208 1463 Lipsium
1235 1380 1362 1464 quidem
1393 1403 1447 1466 po-

303 1487 404 1551 tuisse
428 1484 590 1552 Oiacocnii
613 1487 845 1552 commentario
873 1487 921 1551 nti
950 1487 1118 1570 obieceris,
1145 1490 1182 1552 ut
1205 1487 1347 1571 quinon
1373 1491 1447 1552 ante

304 1616 425 1662 annum
449 1611 625 1661 clomcvnl
653 1593 686 1658 in
714 1593 818 1659 lucem
846 1594 992 1678 proditus
1021 1595 1077 1678 sit,
1109 1595 1251 1678 aliquam
1282 1617 1358 1660 sane
1386 1596 1447 1662 hoc

275 1701 370 1764 sveri
389 1701 527 1786 speciem
546 1700 621 1765 hinc
640 1699 752 1782 habet,
776 1700 859 1784 quod
879 1722 937 1764 nec
951 1699 1092 1764 Ebertus
1110 1699 1329 1786 Krebsiusque
1348 1701 1446 1766 aliam

302 1811 431 1892 praeter
454 1807 544 1872 illius
568 1807 644 1871 anni
668 1806 889 1891 editionem*),
912 1830 993 1892 qnae
1018 1808 1098 1872 mihi
1117 1830 1242 1893 quoque
1262 1809 1332 1874 sola
1355 1831 1445 1892 prae-

303 1919 354 1980 sto
378 1919 437 1998 est,
460 1920 632 1998 noverunt,
656 1919 689 1978 et
712 1937 843 1998 prorsus
867 1915 915 1979 ita
938 1914 977 1979 dc
1001 1912 1185 1998 ‘Oiaoouii’,
1213 1916 1268 1999 qui
1291 1914 1445 1999 ‘superio-

302 2023 391 2088 ribus
416 2021 509 2086 annis
529 2021 652 2086 Rornae
676 2021 808 2086 obiissc'
832 2021 958 2105 dicitur,
981 2021 1100 2085 libellis
1121 2022 1280 2106 postumis
1303 2023 1336 2088 in
1356 2025 1444 2088 illius

301 2128 466 2212 prooemio
490 2127 610 2192 mentio
633 2129 680 2212 fit,
703 2128 795 2212 quasi
819 2128 849 2191 ei
873 2150 1046 2212 numquam
1071 2133 1167 2192 antea
1189 2130 1276 2213 typis
1295 2131 1445 2213 impressi

302 2235 376 2300 sint
422 2233 483 2298 Sed
506 2239 614 2299 tamen
638 2238 771 2319 propter
794 2257 865 2300 eam
890 2258 985 2321 quam
1014 2235 1194 2320 significavi
1222 2258 1369 2302 caussam
1392 2240 1445 2303 vix

302 2341 428 2406 videtur
451 2341 521 2405 fieri
539 2364 634 2426 posse
653 2342 730 2427 quin
750 2343 828 2407 fides
847 2341 1060 2427 Bernhardyo
1079 2342 1245 2428 habeatur,
1268 2346 1323 2430 qui
1344 2345 1445 2411 histo-

302 2449 368 2514 riae
397 2447 459 2514 litt.
481 2448 573 2514 Rom.
596 2472 626 2534 p.
648 2451 711 2514 179
740 2449 786 2514 ed.
815 2451 870 2515 alt.
898 2451 963 2546 iam
991 2473 1075 2516 anno
1103 2469 1328 2517 molenxxxw
1356 2453 1444 2520 Oiac-

302 2556 386 2621 conii
401 2557 667 2622 commentarium
681 2557 804 2622 Romae
817 2557 985 2642 prodiisse,
999 2559 1155 2624 incertum
1176 2582 1239 2644 quo
1258 2562 1444 2646 auctore**)

391 2807 418 2875 *)
441 2805 491 2860 Est
516 2821 550 2859 ca
572 2805 624 2859 boc
652 2804 749 2860 titulo:
779 2804 900 2858 ‘PETRI
917 2804 1098 2871 l-CIACONII
1114 2807 1118 2873 1
1135 2805 1322 2861 TOLETANI
1338 2811 1342 2876 Ι
1359 2808 1444 2879 Opus·

302 2895 373 2950 cula.
390 2897 394 2964 1
412 2895 451 2948 Ιιι
467 2893 613 2948 Columnae
625 2893 772 2958 Rclirctoc
790 2894 992 2962 inscriptionem
1009 2897 1012 2960 i
1029 2893 1072 2948 De
1088 2893 1266 2960 Ponderibufi
1285 2899 1289 2960 Ι
1306 2896 1348 2950 Dc
1365 2897 1444 2951 Men·

301 2983 382 3048 suris.
399 2985 403 3049 Ι
420 2983 606 3046 DeNummis.
624 2981 628 3050 Ι
646 2979 771 3034 ROMAE
789 2982 793 3046 t
809 2981 850 3034 Ex
861 2981 1061 3051 Typographia
1071 2981 1215 3037 Vaticana.
1232 2986 1237 3051 Ι
1253 2984 1284 3038 M
1296 2985 1341 3040 DC
1358 2986 1442 3060 vult

303 3076 332 3114 De
345 3076 430 3114 licentia
443 3071 592 3124 cupidorum'

372 3157 413 3230 **)
432 3159 505 3214 Nam
524 3159 581 3214 sois
599 3158 687 3214 oculis
703 3158 805 3213 vidisse
820 3176 903 3228 aegre
918 3159 1038 3224 credam,
1057 3160 1134 3216 ouius
1148 3161 1261 3228 quidem
1276 3163 1345 3218 haec
1360 3165 1446 3222 verba

302 3250 369 3303 sint:
391 3247 516 3318 ‘ergtnat
535 3265 588 3302 von
609 3249 636 3302 P.
657 3247 820 3302 Ciacconius
839 3247 926 3302 baim
946 3247 1058 3302 Buche
1077 3250 1109 3303 de
1128 3251 1219 3304 numia
1233 3253 1403 3320 ponderibus
1420 3262 1445 3310 ct

301 3339 444 3404 animaris,
462 3337 541 3391 Rom.
564 3337 651 3392 1586!
681 3337 740 3390 Nec
759 3335 833 3390 enim
852 3335 881 3390 in
899 3337 973 3390 hunc
993 3335 1105 3390 modum
1124 3336 1282 3407 discrepare
1301 3341 1444 3410 utriusque

302 3426 433 3483 editionis
452 3423 558 3480 indices
578 3425 698 3479 veneat
717 3423 816 3492 simile,
840 3427 869 3480 et
887 3426 997 3479 tantum
1017 3423 1097 3480 abest
1114 3428 1146 3480 ut
1163 3425 1221 3480 ullo
1241 3428 1324 3484 modo
1342 3429 1444 3485 adven·

302 3515 384 3570 ticina
407 3515 444 3570 ait
467 3515 501 3569 dc
526 3515 656 3569 columna
678 3515 800 3568 rostrata
822 3514 947 3582 libellus,
975 3514 998 3568 is
1021 3517 1053 3569 ut
1075 3517 1105 3570 et
1122 3517 1274 3584 praecedat
1292 3519 1398 3572 ceteros
1416 3519 1444 3573 in

302 3603 455 3673 posteriore
478 3603 602 3660 editione
626 3607 655 3659 ct
677 3605 752 3660 haud
776 3603 871 3674 paullo
894 3603 938 3658 bis
961 3603 1084 3659 limatior
1107 3605 1151 3659 sit.
1190 3605 1229 3660 Vt
1246 3608 1335 3663 multo
1354 3607 1444 3678 magis

301 3694 399 3748 iubos
423 3692 481 3762 (qni
505 3711 539 3748 ne
563 3693 644 3748 latini
668 3693 781 3762 quidem
804 3693 857 3748 toti
881 3693 958 3760 sunt,
986 3693 1035 3748 sed
1063 3693 1217 3764 promiscue
1245 3695 1332 3750 latino
1359 3699 1443 3764 atquc

268 3816 272 3824 ·
302 3783 425 3854 Hispano
444 3799 569 3838 sermone
588 3781 695 3851 scripti)
719 3799 802 3850 quam
827 3781 954 3836 inillam
977 3799 1011 3836 ea
1033 3782 1137 3838 cadant
1159 3800 1230 3852 quae
1254 3785 1282 3838 in
1301 3783 1443 3854 prooemio

302 3873 444 3942 leguntur:
475 3871 562 3926 ‘luter
590 3870 706 3926 schedas
734 3871 810 3924 Petri
834 3869 958 3925 Ciaconii
981 3869 1110 3926 Toletani
1129 3913 1321 3929 ........
1341 3871 1444 3942 reperti

302 3963 367 4016 sunt
389 3961 418 4016 bi
442 3961 532 4017 libelli
555 3962 614 4017 eius
638 3977 722 4016 manu
748 3959 897 4030 diligenter
923 3957 1036 4028 quidem
1065 3961 1210 4030 descripti,
1242 3977 1306 4014 non
1331 3961 1443 4014 tamon

302 4051 390 4106 omni
415 4069 452 4106 cx
475 4053 573 4121 parte
597 4049 764 4118 absoluti,
783 4067 845 4104 cnm
865 4065 912 4104 eoa
931 4048 1115 4120 iampridem
1134 4048 1173 4104 sic
1191 4047 1314 4118 digestos
1332 4047 1360 4102 in
1379 4065 1444 4102 arca

302 4141 469 4211 reposuerit,
485 4139 587 4196 iterum
601 4139 767 4196 relecturum
786 4139 861 4206 quod
875 4139 1049 4208 gravioribus
1063 4139 1240 4210 postmodum
1254 4136 1326 4192 curis
1340 4137 1443 4192 disten·

301 4231 347 4282 tus
365 4230 498 4298 perticere
516 4245 572 4284 non
591 4227 685 4298 potnit
701 4244 753 4282 nec
772 4245 902 4297 suprema
925 4244 1041 4284 censura
1063 4227 1127 4283 illos
1147 4225 1289 4296 expolire!
1312 4257 1343 4264 —
1363 4226 1442 4282 Cete-

302 4335 364 4370 rum
382 4317 457 4386 qnod
477 4317 518 4372 ‘P.
533 4315 673 4373 Ciacconii
691 4315 721 4370 in
740 4315 859 4371 column.
879 4318 959 4372 rostr.
975 4315 1003 4374 C.
1019 4315 1107 4370 Duilii
1125 4313 1265 4382 Inscriptt
1281 4317 1443 4370 commenti.

302 4405 381 4460 Rom.
403 4405 482 4460 1597'
503 4403 717 4474 (nicaeensius
736 4403 881 4460 Histlitt.
901 4405 980 4459 Rom.
1004 4407 1024 4457 t.
1045 4405 1070 4456 11
1093 4423 1118 4473 p.
1139 4411 1155 4458 8
1174 4405 1387 4472 commemorat,
1414 4405 1444 4459 id

302 4493 384 4564 quale
403 4493 442 4549 ait
460 4511 572 4565 prorsus
590 4510 635 4549 me
653 4493 749 4562 lugere
768 4491 866 4549 fateor.
