3246 5074
609 418 889 466 svrrnnnnrvrvn
914 421 945 466 v.
1283 403 1348 469 565

205 560 306 644 bruit,
329 583 524 646 quamquam
548 561 656 646 ipsum
680 563 845 628 vasculum
869 561 910 626 ab
934 561 979 626 Io.
998 561 1095 627 Petro
1115 561 1249 628 Seochio
1273 561 1304 627 S.
1322 562 1347 626 I.

204 668 282 733 olim
306 688 490 751 possessum
514 690 578 752 quo
597 668 744 753 gentium
763 669 947 752 pervenerit
965 655 1147 753 ignoraturi
1177 667 1346 753 Suspecta

203 775 260 839 bat
292 774 375 840 hanc
407 775 651 860 inscriptionem
680 773 901 840 Mommsenus
935 771 1121 852 C.1.L.J
1150 797 1180 838 n.
1203 775 1247 840 45
1274 797 1346 842 cum

202 885 336 966 propter
359 881 424 944 alia
446 889 542 966 (quse
562 881 625 946 etsi
642 881 752 946 videor
770 881 914 947 divinare
932 903 1036 966 porse,
1058 885 1168 946 tamen
1187 881 1346 966 gravioris

203 989 357 1054 momenti
380 1009 451 1054 esse
479 989 532 1054 vix
560 985 757 1073 putaverim)
785 991 854 1052 tum
882 990 1014 1072 propter
1038 988 1192 1052 omissam
1220 988 1255 1051 in
1277 987 1346 1054 PO-

202 1092 308 1160 OOlO
332 1094 475 1158 litteram
499 1093 643 1177 finalem,
667 1115 764 1178 quatu
789 1097 897 1158 cetera
920 1115 995 1158 sane
1019 1094 1137 1177 pocula
1160 1099 1347 1160 constanter

202 1206 341 1265 servant.
373 1201 487 1287 ltaque
510 1222 568 1264 nec
591 1199 706 1264 inutile
729 1221 789 1264 nec
811 1199 1019 1264 iniucundum
1043 1200 1141 1264 fuerit
1159 1201 1200 1265 ad
1219 1223 1257 1266 ea
1276 1203 1344 1267 ani·

201 1331 290 1373 mum
314 1307 494 1392 advertere,
522 1329 604 1391 quae
627 1307 690 1370 huc
713 1305 911 1390 pertinentia
933 1305 1052 1369 litteris
1076 1307 1271 1391 gratissimis
1296 1331 1346 1374 ac-

201 1419 295 1499 cepta
327 1415 431 1493 refero
465 1437 484 1478 a
517 1413 716 1498 gravissimo
748 1411 863 1477 iuvene
896 1410 997 1496 deque
1030 1412 1240 1498 epigraphica
1274 1421 1343 1482 arte

200 1522 280 1586 bene
303 1521 458 1586 morituro
481 1503 599 1585 Carolo
623 1518 886 1604 Zangemeistero
909 1519 1014 1582 Roma
1037 1517 1077 1582 ad
1101 1541 1152 1584 me
1176 1521 1270 1586 datis.
1310 1521 1342 1587 Is

200 1629 286 1692 enirn
314 1651 386 1693 eum
415 1649 473 1712 per
499 1626 625 1690 itineris
648 1623 780 1690 Etrusci
809 1625 1012 1690 occasionem
1035 1622 1174 1690 Hortam
1202 1629 1344 1694 venisset

199 1732 263 1820 (oui
289 1755 375 1798 nunc
400 1734 471 1799 Ortc
497 1730 643 1819 nornen),
682 1731 767 1816 apud
795 1731 947 1796 clericum
976 1731 1137 1815 quendam
1166 1733 1282 1798 incidit
1307 1735 1342 1800 in

199 1843 361 1926 exemplar
385 1840 640 1926 ‘Antiquitatum
662 1837 798 1905 Hortae’
823 1838 864 1902 ab
887 1836 978 1902 lusto
1002 1835 1197 1904 Fontaninio
1218 1839 1342 1906 Romae
1377 1905 1381 1914 ,

198 1948 422 2032 evulgatarum
447 1969 475 2012 a
497 1947 591 2030 1708,
624 1946 710 2032 quod
739 1945 793 2030 qui
822 1947 895 2008 ante
923 1943 1127 2031 possederat,
1159 1969 1218 2037 sua
1245 1970 1342 2012 manu

119 2087 121 2092 v
198 2077 379 2141 magnaque
410 2055 592 2139 diligentia,
630 2051 784 2138 quidquid
817 2051 987 2116 titulorum
1026 2073 1099 2117 cum
1129 2053 1341 2120 Etruseorum

196 2166 266 2227 tum
290 2161 482 2226 Latinorum
505 2165 582 2244 post
599 2159 829 2225 Fontsninium
852 2161 1053 2242 repertorum
1078 2159 1107 2224 ei
1130 2161 1284 2245 innotuit,
1307 2163 1342 2227 in

197 2269 259 2332 fine
282 2267 358 2332 libri
381 2268 567 2352 adscripsit:
591 2267 624 2331 id
648 2266 733 2350 quod
756 2269 831 2350 post
854 2287 974 2330 annum
992 2265 1088 2330 huius
1109 2269 1229 2332 saeculi
1247 2268 1339 2333 XXX

196 2377 319 2440 factum
342 2397 411 2439 esse
434 2375 556 2438 inserta
580 2373 755 2438 disriorum
779 2371 980 2455 publicorum
1001 2373 1154 2438 schedula
1172 2375 1282 2439 docuit
1301 2375 1340 2440 ad

197 2481 387 2547 seditionem
410 2482 586 2567 turbasque
609 2481 807 2546 Polonorum
839 2483 997 2563 spectans.
1042 2469 1093 2546 Ibi
1116 2481 1218 2567 igitur
1241 2482 1339 2546 etiarn

196 2587 303 2672 poculi
326 2589 432 2672 figura
454 2588 543 2671 picta
561 2590 623 2667 est,
646 2586 792 2669 proxime
810 2607 848 2649 es
867 2575 1021 2649 accedens
1041 2587 1081 2650 ad
1099 2586 1230 2650 illarum
1252 2587 1339 2652 simi·

196 2694 365 2759 litudinem
394 2716 473 2780 quas
502 2693 537 2758 P.
559 2691 595 2757 L.
617 2690 660 2756 M.
683 2691 722 2755 Ε.
744 2689 859 2755 tab.X
887 2691 947 2755 sub
970 2693 1058 2755 cde
1084 2695 1338 2775 repraesentavi-

196 2825 277 2886 mus,
292 2802 352 2867 hac
367 2802 494 2887 quidem
509 2800 621 2866 addita
639 2797 849 2881 inscriptione
864 2784 1029 2864 OOTRa
1048 2796 1220 2863 P000t0.
1249 2799 1354 2885 Ergo,

196 2907 273 2991 quin
297 2907 457 2972 exstiterit
483 2907 550 2971 tals
578 2905 758 2987 vasculum,
794 2903 889 2986 idque
912 2903 1036 2970 Hortas
1063 2910 1225 2990 repertum
1253 2907 1337 2972 unde

195 3015 293 3080 etiam
324 3011 557 3081 tnvllnrlnl
588 3016 683 3098 atque
712 3007 910 3076 SaLvTES
937 3011 1055 3095 pocula
1082 3013 1240 3096 prodiisse
1264 3035 1337 3080 oon-

195 3127 275 3206 stat,
307 3124 372 3188 iam
404 3122 553 3187 dubitare
586 3119 675 3184 nullo
708 3118 804 3183 modo
836 3099 925 3201 lieet,
963 3139 1158 3202 quamquam
1191 3119 1229 3183 de
1261 3143 1338 3185 vera

194 3229 331 3294 lectione
354 3249 420 3293 non
444 3229 553 3312 potest
575 3247 639 3290 nou
664 3246 780 3309 anceps
799 3246 869 3288 esse
888 3223 1051 3289 iudicium.
1087 3225 1132 3289 Et
1150 3227 1249 3290 tertia
1267 3229 1336 3313 qui-

195 3333 267 3398 dem
286 3335 396 3398 littera
413 3333 450 3410 Τ
471 3333 625 3416 quoniam
641 3331 938 3413 interpretationem
960 3331 1092 3396 omuino
1111 3333 1242 3416 respuit,
1264 3356 1336 3417 pro-

194 3440 285 3504 clivis
314 3462 392 3504 sane
420 3437 459 3502 de
488 3437 632 3502 evanidis
665 3436 793 3500 lineolis
826 3435 950 3500 duabus
983 3438 1168 3504 coniectura
1197 3444 1246 3504 est
1273 3463 1336 3525 qua

195 3529 346 3612 00}th
375 3567 494 3610 nornen
517 3546 763 3630 redipiseamur,
790 3547 817 3610 Ε
846 3545 975 3610 litterae
1002 3545 1107 3630 figura
1134 3547 1266 3612 minime
1290 3549 1335 3613 in·

193 3654 292 3718 solita
314 3654 348 3716 in
369 3653 477 3717 titulis
500 3654 732 3718 vetustioribus
755 3653 805 3716 vel
829 3653 906 3718 stilo
929 3653 1102 3736 inscriptis.
1146 3653 1239 3731 erod
1263 3655 1335 3720 reli-

193 3783 290 3845 quum
315 3765 378 3844 est,
410 3762 471 3824 etsi
498 3783 557 3828 nec
585 3759 748 3826 P000t0
775 3760 996 3826 nominativus
1025 3783 1083 3844 per
1106 3783 1140 3825 se
1163 3761 1333 3845 quicquam

194 3867 379 3932 offensionis
412 3866 512 3932 habet
539 3891 577 3934 ao
604 3869 744 3934 fortasse
770 3891 810 3933 ue
838 3865 983 3933 OOERA
1011 3867 1139 3951 quidem
1167 3869 1334 3952 genetivus

193 3973 303 4058 aliqua
326 3973 511 4040 defensione
535 3980 637 4041 caret:
664 3973 790 4061 (quidni
813 3974 911 4058 enim,
935 3996 998 4058 quo
1022 3974 1091 4038 iure
1114 3975 1241 4038 dativos
1264 3973 1333 4040 FE-

192 4078 332 4146 RONIa
355 4079 539 4147 MATVTA
562 4079 763 4148 Nonnulla
787 4077 976 4164 MARICA,
1005 4079 1242 4144 nominativum
1266 4080 1335 4164 plu·

191 4187 292 4252 ralem
324 4187 546 4255 MannoNa
583 4189 735 4254 incultior
771 4189 933 4272 quondam
972 4187 1084 4272 lingua
1115 4186 1268 4270 probavit
1299 4189 1333 4252 in

192 4293 277 4357 saxis
301 4293 558 4378 Pisaurensibus,
582 4295 681 4359 etiam
704 4293 890 4378 genetivum
911 4293 1083 4378 aliquando
1106 4294 1251 4377 potuisse
1274 4295 1332 4358 im·

191 4399 293 4464 minui
315 4397 492 4487 largiarel)
515 4404 626 4464 tamen
648 4399 800 4485 quoniam
822 4405 973 4465 neutrum
997 4421 1035 4464 ex
1054 4399 1125 4484 ipso
1143 4401 1333 4485 poculorum

192 4525 308 4591 genere
332 4508 504 4592 quicquam
531 4507 725 4572 firmamenti
752 4507 865 4592 habet,
895 4507 997 4573 satius
1025 4529 1103 4572 sane
1132 4507 1230 4574 fuerit
1253 4509 1332 4574 duce
