3282 5076
293 375 358 440 204
445 392 592 440 rrrvuvs
617 376 1038 439 couvuuas'aosraarau
1061 388 1296 435 nvsnnranan.

360 534 447 600 Cura
464 535 729 620 ,Praenestinis
749 535 847 617 pc'sto
870 571 891 579 -
915 532 1057 616 oppida
1080 535 1122 595 ui
1144 533 1300 616 caperet

359 641 504 724 Nque'm
527 644 654 706 nouom
676 643 812 707 dicbus.

293 767 493 850 Quamquam
518 767 545 831 si
569 767 739 833 considero
762 767 887 831 nullum
909 765 944 830 in
964 765 1079 829 ceteris
1099 766 1315 829 monumentis
1333 785 1439 828 exem·

291 873 381 956 plum
406 873 546 938 omissae
571 874 612 938 ab
636 873 730 938 initio
759 873 924 938 anaorusis
952 875 1092 936 exstare:
1121 871 1205 936 hanc
1229 871 1289 934 etsi
1314 871 1380 934 seio
1404 870 1439 933 in

291 982 462 1062 poetarum
495 981 692 1046 carminibus
730 979 892 1045 continuis
929 979 1013 1044 haud
1051 1001 1125 1042 raro
1163 977 1327 1061 demptam
1361 997 1440 1058 esse,

292 1091 401 1152 tamen
425 1087 459 1152 in
482 1091 575 1153 tanta
598 1086 787 1151 emendandi
811 1090 844 1150 et
866 1085 1024 1150 facilitate
1048 1088 1080 1148 et
1101 1105 1200 1169 prope
1220 1084 1354 1149 dixerim
1375 1085 1438 1148 evi·

292 1194 401 1258 dentis
423 1216 463 1258 ne
487 1195 562 1259 illos
586 1193 713 1278 quidem
741 1216 853 1258 versus
882 1192 1070 1257 crediderim
1099 1215 1118 1256 a
1141 1193 1303 1256 constanti
1327 1215 1438 1257 monu-

293 1297 474 1366 mentorun'r
497 1324 612 1366 norma
635 1301 816 1366 recessisse.
862 1299 1021 1376 Quantilli
1044 1303 1095 1364 est
1118 1299 1218 1378 enim,
1241 1305 1278 1363 ut
1298 1300 1437 1383 particu-

292 1408 358 1471 lam
390 1430 456 1470 una
487 1409 633 1472 litterula
666 1428 782 1492 augere
820 1429 942 1490 proque
975 1405 1064 1470 Iouis
1104 1406 1235 1471 nomine
1266 1405 1438 1490 pristinam

291 1514 406 1578 Diouis
422 1519 515 1597 puter
538 1514 586 1578 vel
611 1514 804 1596 Dioutspilcr
826 1513 963 1578 formam
989 1513 1197 1576 substituere:

358 1636 604 1722 Diouispiter
628 1641 742 1724 atque
766 1637 846 1704 dr‘ui
869 1677 890 1684 -
915 1641 1044 1703 omnes
1068 1637 1139 1702 hoe
1162 1637 1363 1720 dederunt,

359 1745 427 1810 Vti
447 1745 549 1810 Titu’
574 1745 781 1822 Quinctius
805 1746 1005 1810 dic-,tator
1026 1747 1066 1808 iu
1089 1745 1209 1809 ductto
1234 1744 1300 1807 —l

293 1871 482 1954 praesertim
502 1871 535 1934 in
555 1874 647 1935 tanta
666 1871 754 1935 tituli
774 1871 982 1956 antiquitate:
1006 1870 1138 1933 tametsi
1157 1891 1221 1933 non
1238 1871 1348 1952 potest
1361 1889 1438 1930 sane
1520 1927 1522 1932 .

294 1999 359 2040 non
378 1977 431 2040 diu
450 1982 526 2059 post
539 1977 771 2053 T.Quinctium
790 1977 855 2061 ille,
875 1977 930 2060 qui
949 1977 1043 2040 Livio
1063 1975 1216 2058 innotuit,
1234 1975 1339 2038 factus
1359 1995 1438 2038 esse.

591 2391 636 2462 ΙΙ.
675 2388 948 2462 Commentatio
977 2386 1144 2478 altera.*)

247 2589 284 2627 111
383 2565 493 2630 Titulo
517 2563 690 2630 Duelliano
714 2566 882 2630 columnae
911 2567 1070 2628 rostratae
1098 2562 1303 2627 vehementer
1326 2565 1439 2645 optan-

295 2673 370 2736 dum
395 2676 444 2736 est
468 2677 504 2736 ut
527 2672 657 2738 tandem
682 2673 854 2758 aliquando
874 2672 1036 2766 desinant·
1046 2669 1251 2755 grammatici
1270 2673 1307 2732 ut
1324 2691 1438 2733 monu-

295 2783 404 2842 mento
428 2780 548 2843 saeculi
572 2781 676 2864 quinti
700 2780 845 2844 exeuntis
868 2781 925 2843 uti.
969 2779 1070 2854 Quem
1094 2776 1310 2841 certissimum
1333 2779 1383 2839 est
1406 2778 1439 2839 et

295 2885 394 2948 talem
418 2886 522 2968 qualis
545 2909 629 2950 nuno
652 2885 791 2950 habetur
813 2907 878 2950 non
902 2888 976 2948 ante
998 2883 1178 2948 Claudiana
1200 2884 1268 2947 fere
1291 2886 1442 2964 tempora

295 2987 391 3074 (quae
410 2991 443 3054 in
462 2992 524 3056 hac
542 3015 656 3058 caussa
674 2995 741 3057 iarn
760 2993 872 3056 Lanzii
891 2995 996 3056 aetate
1015 2989 1293 3074 coniectabantur)
1317 2989 1439 3053 factum
1506 3047 1510 3058 ,

295 3117 380 3178 esse,
408 3104 440 3159 et
462 3119 502 3160 ne
526 3119 564 3162 ea
587 3097 716 3182 quidem
740 3101 847 3162 aetate
871 3097 921 3160 vel
950 3119 966 3160 e
990 3097 1129 3181 pristino
1158 3098 1207 3161 vel
1237 3095 1369 3161 omnino
1399 3117 1437 3158 ex

295 3201 477 3287 antiquiore
501 3205 609 3288 aliquo
633 3205 718 3289 quod
742 3209 925 3288 superesset
948 3204 1093 3288 exemplo
1117 3203 1291 3286 repetitum
1315 3203 1437 3266 instau-

294 3313 454 3392 ratumve‚
492 3333 602 3374 rerum
635 3312 704 3376 solo
737 3310 992 3394 antiquariorum
1026 3310 1133 3374 studio
1167 3315 1200 3374 et
1230 3310 1367 3374 artificio
1398 3309 1438 3372 ad

295 3439 365 3480 eam
399 3417 540 3500 speciem
572 3419 757 3502 vetustatis,
790 3441 887 3502 quam
915 3419 1022 3483 animo
1051 3440 1110 3482 suo
1133 3417 1376 3498 informassent,
1407 3421 1439 3480 ot

295 3525 442 3608 argutius
466 3530 498 3590 et
521 3526 688 3610 loquacius
712 3527 864 3590 effictum.
913 3527 958 3590 nt
986 3525 1164 3608 scripturae
1191 3523 1320 3609 quidem
1348 3523 1438 3586 novi-

295 3633 395 3694 tatem
419 3653 484 3696 non
508 3633 695 3715 productior
717 3635 844 3697 tantum
870 3633 973 3716 ligura
995 3631 1010 3694 Ι
1033 3631 1160 3694 litterae
1184 3631 1292 3714 arguit
1310 3631 1341 3693 in
1358 3629 1437 3692 ΜΑ-

296 3731 372 3802 RJD
404 3731 566 3803 PRIMOS
591 3737 670 3825 (bis)
704 3731 1083 3820 OARTAOINIENSIS‚
1116 3738 1171 3802 sed
1203 3739 1306 3802 multo
1340 3737 1436 3800 etiam

295 3845 424 3929 planius
447 3845 629 3910 litterarum
653 3845 784 3911 habitus
808 3847 991 3928 universus,
1022 3867 1117 3929 quem
1140 3843 1303 3908 affirmare
1326 3865 1436 3928 possu-

295 3973 366 4016 mus
395 3952 427 4016 in
451 3951 661 4036 Imperatoris
686 3951 811 4018 Claudii
842 3955 994 4034 aetatem,
1027 3951 1117 4015 cuius
1146 3950 1267 4014 chartis
1295 3949 1436 4034 expressi

295 4059 382 4123 tituli
406 4059 501 4124 nobis
526 4061 698 4126 certissimi
720 4066 849 4146 praesto
869 4063 953 4142 sunt,
976 4060 1122 4144 apprime
1141 4058 1318 4139 convenire,
1341 4056 1435 4139 longo

385 4239 410 4303 *J
430 4237 619 4306 [Prooemium
647 4237 748 4291 Indicis
777 4237 944 4292 scholarum·
958 4235 1128 4290 aestivarum
1155 4230 1342 4288 Bonnensium
1369 4229 1437 4284 anni

296 4323 520 4382 crolocccuxl
542 4325 706 4396 inscriptum
732 4325 778 4380 ‘de
801 4323 884 4380 titulo
907 4325 1052 4379 columnae
1075 4324 1212 4378 rostratae
1238 4317 1436 4374 commentatio

296 4415 410 4480 altera‘3
429 4415 578 4484 repetitum
599 4416 642 4470 est
659 4415 688 4468 in
707 4415 737 4468 P.
752 4414 782 4470 lr.
797 4415 834 4468 M.
850 4413 879 4467 Ε.
899 4414 995 4467 Enarr.
1015 4433 1041 4483 p.
1057 4417 1161 4465 82-38
1186 4407 1288 4462 additis
1306 4408 1346 4463 eis
1364 4425 1436 4479 quae

296 4503 369 4558 iufra
387 4521 413 4572 p.
428 4509 480 4558 208
500 4503 630 4557 cancellis
649 4506 746 4573 saepta
765 4505 836 4557 sunt.
874 4501 902 4556 C.
918 4503 975 4575 W]
