3116 5066
476 416 625 462 rrrvuvs
649 413 867 464 nr‘rrrrrsnvs.
1177 399 1237 463 107

114 555 357 622 hexametrorum
381 579 475 622 usum
498 558 641 623 nondum
664 557 806 624 habenti.
848 558 916 624 Nec
939 559 1025 623 enim
1048 559 1239 624 obliviscen-

113 663 178 728 dum
208 667 253 729 est
284 665 547 750 antiquissimum
577 665 639 730 hoo
671 687 740 731 esse
772 666 807 730 in
839 666 1056 731 monumentis
1088 687 1239 730 versuum

112 767 296 836 heroicorum
333 772 530 856 exemplum:
568 771 696 857 quaudo
730 773 889 857 elegiacos
921 772 956 836 iu
989 771 1046 838 Cu.
1079 771 1238 856 Scipionis

112 874 235 960 Hispani
264 880 411 964 sepulcro
445 899 556 944 versus
589 880 699 946 omnia
733 880 869 946 suadent
900 883 936 945 ut
968 880 1134 964 aliquanto
1163 885 1239 964 post

112 981 203 1048 factos
230 1007 297 1050 esse
330 985 563 1052 existimemus.
607 984 713 1070 Igitur
736 987 798 1052 etsi
822 987 975 1070 exemplis
999 1010 1019 1052 a
1041 985 1238 1052 Schneidcro

111 1112 232 1174 gramm.
252 1093 307 1158 lat
329 1093 347 1158 Ι
370 1117 401 1178 p.
427 1095 490 1158 170
514 1117 582 1179 sqq.
606 1100 639 1160 et
661 1117 764 1179 nuper
787 1118 806 1159 a
828 1095 1035 1160 Lachmauno
1059 1095 1093 1158 iu
1112 1093 1239 1161 Lucret.

112 1219 137 1279 p.
156 1199 215 1264 412
237 1201 401 1285 congestis
430 1201 495 1266 alia
522 1223 623 1286 caque
651 1225 690 1268 en
719 1205 813 1286 parte
834 1201 928 1266 valde
959 1201 1137 1286 singularia
1165 1203 1238 1268 addi

112 1326 144 1368 er
165 1305 423 1392 inscriptionibus
447 1313 594 1393 possunt,
617 1313 654 1374 ut
672 1308 856 1374 TABLEIS
875 1307 1099 1374 TABLARIA
1118 1307 1238 1373 AEDI-

112 1409 217 1476 CLAM
239 1411 520 1480 SANDLARIVS
538 1413 677 1480 IVGRA
697 1420 730 1480 et
749 1416 833 1500 apud
853 1415 1089 1481 Mommsenum
1108 1415 1146 1480 de
1166 1415 1239 1480 tlial.

110 1517 174 1584 Ital
199 1545 227 1605 p.
253 1521 327 1587 282.
361 1521 426 1586 362
453 1521 649 1588 NVMSIVS
673 1521 845 1607 OFDIVS,
877 1523 929 1588 vel
957 1523 1038 1588 adeo
1066 1545 1083 1588 e
1112 1523 1238 1609 vulgari

112 1625 227 1711 liuguae
244 1629 485 1712 consuetudine,
503 1633 540 1694 ut
557 1631 703 1696 Manlius
721 1652 759 1694 ex
777 1631 935 1696 Maniliae
953 1635 1068 1714 ortum,
1092 1631 1239 1716 quamvis

111 1731 207 1800 fallaci
229 1735 335 1820 specie
364 1733 541 1801 diversum:
569 1737 678 1802 tamen
705 1737 737 1802 in
767 1759 832 1801 nuo
855 1759 940 1802 nunc
964 1737 1154 1820 subsistam,
1177 1758 1240 1819 quo

112 1840 176 1921 quid
204 1843 335 1926 propius
369 1842 519 1908 accedere
551 1843 591 1907 ad
622 1843 827 1928 trisyllabum
853 1845 964 1926 facilia
995 1865 1106 1908 vocem
1136 1841 1240 1907 dicam

111 1967 168 2009 uon
188 1947 305 2014 habeo:
335 1945 485 2014 LIONIA
510 1971 569 2034 pro
599 1947 764 2015 LICINIA
795 1949 937 2034 positum
965 1951 999 2014 in
1030 1949 1241 2034 inscriptione

113 2055 217 2118 vetusti
235 2055 425 2120 columbarii
445 2057 528 2140 apud
553 2055 681 2140 Lupum
702 2055 807 2122 Seven.
827 2061 958 2142 martyr.
977 2079 1007 2142 p.
1027 2057 1069 2120 93
1096 2054 1143 2138 [O.
1162 2056 1186 2120 1.
1206 2055 1241 2120 L.

113 2157 124 2220 l
152 2181 179 2225 n.
208 2161 283 2247 8923
321 2163 357 2226 P.
385 2162 420 2226 L.
452 2161 495 2226 Μ.
527 2162 564 2228 Ε.
592 2163 657 2228 tab.
690 2162 770 2246 XV,
804 2165 868 2244 17].
895 2163 1012 2228 Altera
1047 2166 1156 2228 autem
1188 2163 1242 2228 ria

112 2262 179 2332 haec
201 2271 307 2334 estut
331 2269 461 2333 omnino
485 2290 551 2333 nou
574 2269 617 2333 sit
638 2291 698 2353 pro
722 2267 851 2354 dactylo
873 2271 993 2353 facilia,
1016 2271 1071 2334 sed
1090 2293 1149 2353 pro
1165 2293 1241 2336 vero

115 2375 396 2452 proceleusmatico.
441 2373 572 2441 Novum
609 2397 686 2441 saue
723 2398 855 2442 narrare
892 2377 1038 2460 videbor,
1076 2400 1147 2442 cum
1185 2377 1242 2440 ali·
1349 2463 1355 2468 .

114 2481 226 2560 quando
248 2483 281 2545 in
305 2482 386 2546 duas
409 2483 522 2547 breves
543 2482 682 2548 solutam
702 2504 771 2547 esse
792 2483 890 2548 arsim
910 2483 1102 2567 dactylicam
1122 2483 1241 2549 dixero.

113 2581 188 2650 Nam
208 2609 279 2652 cum
302 2587 402 2674 vulgo
426 2610 559 2672 prorsus
583 2589 667 2653 inter
691 2611 724 2653 sc
748 2589 887 2653 discreta
910 2589 989 2653 haec
1008 2609 1126 2674 genera
1143 2589 1241 2654 habc-

114 2696 209 2759 antur:
235 2695 370 2760 liberius
399 2696 568 2778 prosodias
599 2717 869 2781 numerorumque
902 2716 1004 2781 genus
1032 2697 1067 2760 in
1095 2695 1241 2760 versibus

114 2799 284 2886 trochaicis,
299 2801 456 2867 iambicis
480 2803 658 2888 ceterisque
678 2803 842 2888 scaenicis,
861 2806 895 2867 ct
920 2802 1072 2888 dactylici
1092 2801 1241 2866 hexame-

113 2891 154 2969 tri
169 2929 237 2972 oum
253 2930 337 2974 noro
358 2908 528 2992 prosodiae
548 2909 718 2974 severioris
738 2929 855 2994 genere
875 2911 945 2987 ao.
962 2910 1070 2976 Ennio
1093 2909 1240 2974 invento:

113 3017 227 3091 praeter
248 3015 327 3080 haec
350 3015 451 3080 otiam
475 3015 612 3081 mixtum
636 3037 675 3080 ex
698 3015 750 3081 his
774 3037 875 3101 genus
895 3019 1021 3083 exstitit
1039 3018 1241 3083 hexametro·

113 3138 175 3184 rom
196 3142 263 3185 curn
282 3121 431 3186 scaenica
449 3122 582 3188 licentia
601 3123 792 3207 prosodiaoa
811 3125 1066 3208 coniunctorum,
1090 3123 1239 3209 qualibus
1250 3150 1295 3190 xv

114 3226 279 3312 antiquitus
303 3233 470 3313 tamquam
492 3228 615 3313 Pythia
638 3231 695 3295 illa
718 3229 803 3295 Itala
827 3253 885 3296 usa
908 3236 958 3296 est
976 3231 1129 3315 Fortuna,
1147 3230 1241 3296 Prae-

115 3333 230 3398 nestina
256 3335 405 3418 maxime,
432 3337 515 3400 unde
542 3357 661 3402 nomen
687 3342 781 3402 sortes
803 3337 1023 3404 Praenestinae
1044 3335 1241 3423 invenere.*)

114 3437 209 3524 Atque
234 3442 267 3506 iu
293 3441 359 3525 his,
392 3465 528 3526 quarum
555 3449 682 3528 partem
711 3443 850 3510 Orellius
881 3445 1065 3530 composuit
1095 3467 1126 3510 n.
1154 3445 1242 3511 2485

114 3539 174 3626 (ubi
206 3549 329 3634 corrige
365 3547 481 3630 Nrtno
515 3551 584 3632 [tu]
622 3556 679 3616 me
714 3554 882 3638 rogitas,
918 3575 1017 3618 nuno
1053 3551 1241 3618 consulis:

114 3653 247 3738 timpus
270 3653 357 3720 abit
384 3655 472 3740 iam,
497 3661 531 3722 et
552 3657 695 3724 battus
719 3659 859 3724 labsus
882 3663 978 3744 pete:
1010 3659 1108 3744 quod
1131 3659 1241 3724 dabi-

114 3759 178 3844 tur,
205 3761 393 3848 gaudibis
425 3763 607 3852 se'mper),
643 3767 750 3831 locum
782 3765 894 3832 datum
927 3788 996 3832 ease
1029 3766 1128 3831 etiam
1159 3766 1241 3830 arsis

116 3865 267 3954 solutioni,
298 3873 427 3953 praeter
454 3872 519 3936 aliu
547 3894 628 3956 quae
656 3873 835 3958 longiorem
861 3872 1113 3958 disputationem
1136 3872 1241 3956 requi·

114 3973 245 4058 turin),
272 3976 353 4041 hoec
383 3977 531 4061 exempla
557 3979 748 4045 documento
773 3983 862 4060 sunt,
886 4004 966 4066 quae
989 3984 1130 4064 purgata
1153 3979 1241 4045 vitiis

114 4099 249 4166 inposui:

128 4315 139 4324 ,Δ
189 4261 215 4331 *l
236 4263 320 4336 [Vide
338 4282 411 4319 nunc
431 4263 460 4318 Ρ.
479 4263 508 4317 L.
528 4263 565 4316 M.
584 4263 614 4318 E.
633 4263 955 4334 saudim-amm
975 4261 1003 4316 C.
1019 4261 1038 4316 I.
1054 4262 1156 4318 L.ln.
1174 4268 1241 4319 14³8

114 4352 156 4401 -1
210 4395 216 4408 Ι
276 4395 282 4408 Ι
339 4396 346 4407 .

159 4353 211 4505 4224)
231 4350 411 4510 [Lconlgioiem
430 4441 650 4510 disputationem
669 4440 733 4498 vide
752 4441 781 4496 in
800 4441 889 4501 Musei
908 4441 995 4502 Rhea.
1019 4443 1040 4500 t.
1059 4443 1123 4496 XIV
1143 4461 1169 4520 p.
1189 4449 1240 4506 389
1310 4421 1312 4426 ’

116 4529 188 4580 -418
206 4526 288 4594 (inira
304 4547 331 4585 n.
350 4529 433 4602 XIV).
471 4530 500 4588 C.
519 4531 577 4604 W.]
