3246 5082
287 329 352 396 312
515 347 563 394 nr
586 345 715 393 rrrvuo
738 345 896 394 narsico
920 342 1202 396 nunrrnsrrsuo.
1228 351 1230 354 ·

287 493 472 582 constructa
494 494 629 555 mactum
651 495 886 572 cornutumque
912 489 1098 574 participia:
1126 489 1251 554 utalia
1274 487 1434 554 condona

287 620 368 682 mus,
387 618 468 682 quae
486 596 731 681 pangendornm
750 618 900 662 versuum
916 595 1089 662 difficultas
1108 597 1253 662 extorsit.
1284 594 1435 662 Ceterum

284 705 411 788 pentum
429 706 538 770 dorcas
556 703 788 788 interpretatus
810 727 881 770 sum
900 703 941 769 ad
961 703 1206 770 similitudinem
1224 704 1338 769 talium
1357 703 1433 767 titu-

287 814 393 878 lorum
408 811 537 897 qualem
552 811 684 876 memini
700 811 786 895 apud
801 810 975 877 Gruterum
990 809 1167 897 exstare*):
1190 809 1283 876 IOVI
1298 808 1434 874 GENIO

287 914 438 984 DOMVS
467 917 502 981 Τ.
530 917 775 984 SEMPRONI
802 917 863 983 EX
893 915 1071 982 V·D·D:
1103 939 1144 983 ne
1175 916 1247 1002 quis
1279 914 1363 980 forte
1395 913 1434 978 de

288 1025 402 1110 templi
426 1024 485 1093 deo
509 1025 642 1091 tutelari
664 1022 782 1091 Libero
806 1027 898 1109 patre
919 1025 1058 1112 cogitet,
1073 1025 1159 1109 quod
1177 1023 1335 1107 templum
1353 1020 1434 1086 Bac

289 1133 350 1198 cho
373 1131 519 1218 Panique
543 1155 668 1198 sacrum
693 1132 801 1198 fuerit
846 1132 933 1197 Nam
956 1131 1041 1217 qnod
1070 1152 1140 1196 oum
1162 1130 1296 1196 Pum'soo
1324 1129 1434 1194 adesse

223 1218 225 1222 ¹
289 1238 368 1304 deus
391 1239 530 1324 iubetur,
562 1260 641 1304 sane
664 1243 810 1323 spectare
834 1239 1019 1324 adipsum,
1046 1237 1136 1303 cuius
1159 1237 1248 1302 basis
1272 1225 1435 1302 dedicaba·

245 1348 352 1428 vrtur,
376 1345 585 1410 simulacrum
608 1345 746 1431 videtur,
770 1368 832 1431 quo
858 1368 930 1411 cum
952 1345 1090 1411 Paniseo
1113 1344 1227 1410 ludens
1250 1345 1301 1410 vel
1326 1343 1434 1428 aliquo

290 1451 386 1517 modo
420 1473 492 1517 eum
526 1452 678 1517 comitem
710 1453 834 1519 habens
866 1451 1014 1518 Bacchus
1051 1452 1289 1537 repraesentari
1321 1451 1435 1536 potuit.

289 1557 442 1625 Demiror
469 1563 591 1644 autem,
624 1581 772 1644 quorum
789 1581 920 1625 munere
947 1563 981 1625 et
1008 1559 1132 1624 honore
1159 1563 1273 1623 auctus
1296 1557 1434 1623 Romam

290 1665 393 1732 redire
416 1667 456 1732 ad
480 1667 650 1753 coniugem
677 1667 859 1750 liberosque
883 1665 1023 1731 Alfinius
1051 1665 1140 1749 eupit
1163 1687 1180 1730 e
1202 1665 1319 1730 castris
1343 1663 1434 1729 Lam·

290 1773 513 1858 beraeensibus,
546 1797 628 1858 quae
658 1773 797 1858 legionis
824 1772 874 1837 Il]
897 1771 1066 1858 Augustae
1095 1771 1239 1858 fuerunt,
1269 1773 1323 1838 uix
1350 1775 1436 1836 recte

290 1881 398 1946 credes
422 1880 518 1946 duces
542 1881 678 1946 bellicos
702 1881 763 1944 dici
788 1879 1068 1964 simpliciter,'sed
1086 1879 1303 1964 Imperatores
1327 1879 1435 1965 potius

290 1985 516 2072 ansaresque,
539 2009 620 2072 quos
639 1986 772 2052 honoris
792 2008 906 2052 caussa
924 1987 1083 2052 salutatos
1102 2007 1173 2051 esse
1192 1986 1342 2050 dominos
1362 2007 1435 2050 oon·

290 2095 370 2176 stat,
399 2093 433 2156 in
455 2093 596 2176 publicis
619 2093 748 2177 quidem
778 2094 993 2158 monumentis
1024 2115 1044 2156 a
1067 2092 1263 2158 Diocletiani
1291 2093 1437 2176 imperio,

290 2200 326 2264 in
348 2199 486 2283 privatis
510 2201 576 2266 iam
601 2199 642 2264 ab
658 2197 818 2263 Hadriani
841 2197 1051 2282 temporibus.
1085 2197 1184 2263 Velut
1207 2198 1235 2262 si
1250 2197 1437 2263 Antoninos

291 2306 325 2370 in
349 2310 456 2371 mente
483 2305 626 2371 habebat
648 2304 788 2371 Alfinius
816 2304 881 2389 (cui
909 2309 1019 2370 tamen
1048 2327 1089 2370 ne
1116 2304 1277 2390 posterius
1307 2305 1437 2388 quidem

291 2435 404 2478 aevum
436 2410 646 2499 invidemus),
682 2433 741 2478 nec
773 2415 936 2477 servatam
973 2433 1012 2476 ex
1049 2411 1244 2496 antiquitate
1276 2407 1439 2476 LEIBER

292 2520 484 2604 scripturam
506 2541 565 2586 nec
588 2517 728 2584 labentis
753 2517 874 2584 saeculi
897 2517 1051 2583 indicium
1069 2539 1086 2582 e
1102 2539 1160 2603 pro
1179 2539 1216 2582 ae
1236 2518 1381 2584 vocalem
1404 2519 1439 2582 in

290 2625 486 2694 Parracis
508 2628 571 2693 erit
594 2649 651 2693 cur
672 2627 769 2692 nimis
793 2626 955 2692 miremur.
994 2624 1056 2690 Sed
1074 2625 1109 2690 in
1127 2625 1256 2709 singula
1275 2625 1439 2711 inquirere

292 2734 447 2818 quoniam
470 2734 616 2818 privates
641 2735 810 2820 angustiae
834 2737 867 2798 et
883 2731 1020 2818 penuria
1038 2732 1194 2799 librorum
1214 2735 1334 2817 vetant,
1357 2733 1439 2797 satis

291 2862 378 2905 nunc
401 2841 570 2924 prolnsum
594 2845 674 2906 esto.

382 3122 454 3189 Hoc
478 3125 643 3208 prooemio
668 3127 854 3189 enarratum
880 3125 1013 3190 titulum
1037 3123 1322 3190 Lambaesitanum
1350 3129 1440 3209 post-

294 3253 390 3316 quam
420 3231 523 3296 denuo
547 3231 614 3298 Leo
638 3231 795 3296 Renierus
826 3231 927 3296 edidit
953 3233 987 3296 in
1011 3230 1235 3316 ‘Inscriptious
1263 3231 1440 3298 Romaines

210 3415 211 3418 Ἴ
294 3337 332 3402 de
351 3336 517 3423 l'Algerie’
540 3362 571 3404 n.
592 3339 663 3422 157,
685 3360 745 3404 nee
762 3339 884 3421 Alfim'o
906 3362 965 3406 neo
986 3339 1104 3406 somnio
1127 3341 1256 3422 praeter
1279 3339 1441 3404 rationem

293 3467 392 3528 passa
406 3466 475 3510 esse
495 3445 664 3530 syniaesim
683 3445 885 3511 intellectum
904 3449 962 3531 est,
977 3445 1033 3510 sed
1046 3443 1220 3511 ALFENO
1240 3448 1272 3510 et
1290 3441 1440 3510 SOMNO

294 3551 452 3636 seriptum
479 3552 514 3616 in
543 3551 615 3634 ipso
643 3551 759 3635 lapide.
804 3551 965 3618 Carminis
994 3573 1088 3617 versu
1112 3552 1132 3616 3
1160 3549 1356 3617 BIMATVS
1379 3553 1440 3618 im-

293 3657 446 3742 prudenti
468 3656 677 3742 quadratario
701 3659 857 3725 excidisse
879 3680 939 3743 pro
962 3657 1162 3724 BIMATER
1184 3658 1336 3725 Henneno
1360 3659 1441 3726 duce

295 3769 381 3830 reete
405 3763 621 3830 Buechelerus
644 3763 799 3830 iudicavit
825 3766 859 3830 in
882 3764 1082 3830 Fleckeiseni
1105 3765 1223 3831 Annal.
1246 3765 1326 3850 phil.
1349 3770 1440 3833 tomo

295 3869 450 3936 LXXVII
473 3867 516 3957 (a.
538 3870 636 3956 1858)
660 3894 690 3956 p.
710 3872 761 3937 63.
806 3872 841 3937 E
855 3871 1052 3955 praelatione
1072 3871 1215 3938 Decurre.

297 4015 348 4022 ..-
356 4015 508 4022 ——a—--ae

385 4081 411 4149 ¹²)
432 4080 592 4154 [luscnptio
610 4099 643 4138 ex
662 4081 796 4138 memoria
813 4083 930 4138 laudata
943 4081 1053 4138 videtur
1072 4099 1132 4138 esse
1146 4081 1313 4139 Gruteriana
1328 4089 1407 4153 1065,
1423 4089 1440 4137 3

297 4195 330 4215 =
350 4167 433 4225 Orell.
451 4177 527 4241 1257,
547 4189 631 4242 quam
650 4172 772 4243 spuriam
791 4170 927 4227 iudicavit
944 4169 1090 4226 Henzenus
1107 4189 1135 4242 p.
1151 4177 1210 4226 128.
1249 4173 1276 4227 0.
1293 4171 1350 4243 W.]

749 4406 986 4420 v-——offl
