3282 5076
410 415 663 463 surnonoomn
688 413 841 461 almuse
864 411 1123 461 coaonnanrvu.
1274 395 1340 460 249

195 561 238 626 tis
268 560 417 626 effectum
447 563 497 624 est
526 583 546 624 a
568 559 728 626 Finestrio
757 559 851 624 Orta
878 579 962 622 mox
991 556 1133 622 sensim
1159 555 1342 641 uigescit,

194 667 332 732 deinde
370 667 512 733 sensim
550 665 696 732 deficit.
749 665 891 731 Accedat
926 663 978 730 his
1017 663 1172 747 exemplis
1205 663 1292 727 aliud
1325 685 1341 728 e

195 774 348 840 thesauro
370 773 627 840 Mommseniano
651 773 799 857 petitum.
835 771 902 836 Vbi
920 795 950 837 n.
965 771 1030 836 423
1049 768 1240 835 Potentinus
1263 769 1340 834 titu-
1354 794 1388 832 xa

195 881 247 946 lus
276 903 293 945 e
324 882 497 947 coniuncta
524 880 729 947 Constantini
759 879 878 946 Guttae
911 883 944 945 et
972 877 1160 945 Emanuelis
1184 875 1342 962 Viggiani

197 989 353 1055 memoria
376 989 410 1054 in
432 989 515 1053 hano
540 986 680 1072 speciem
703 988 915 1052 concinnatus
939 989 1000 1050 est:

428 1311 434 1323 .
481 1309 487 1322 .
532 1255 638 1322 IATA
672 1292 677 1302 ·
711 1253 806 1319 ANN
840 1290 845 1302 ·
877 1251 938 1318 XX
970 1288 977 1303 ·
1010 1251 1107 1317 ΜΕΝ

534 1361 642 1428 VIII
666 1399 672 1410 ·
696 1358 853 1427 DIES·
877 1359 1010 1426 VIIII

420 1469 705 1536 ‘ABSTVLI'I
742 1503 748 1516 ·
785 1466 897 1532 VNA
934 1502 940 1514 ·
979 1465 1107 1532 DIES

427 1577 646 1643 ANIMA
688 1611 694 1625 ·
736 1573 1006 1642 CORPVS
1079 1575 1105 1652 Q

428 1683 578 1749 SIMVL
620 1719 627 1734 ·
664 1681 811 1748 ARSIT
854 1718 860 1730 ·
902 1681 963 1748 ET
1004 1717 1012 1732 ·
1054 1682 1106 1748 IN

428 1789 668 1858 CINERES
709 1827 717 1842 ·
758 1788 927 1856 ΙΑΟΕΤ
966 1826 971 1838 ·
1013 1789 1107 1856 HIC

429 1898 622 1976 ADQVE
665 1935 671 1948 ·
711 1897 955 1965 FAVILLA
997 1933 1004 1948 ·
1045 1896 1107 1962 SV

427 2005 659 2072 PREMVM
704 2041 711 2056 ·
758 2003 946 2071 MVNVS
991 2039 999 2055 ·
1044 2003 1104 2069 Ml

428 2112 551 2179 Sauo
596 2149 603 2164 ·
649 2111 875 2180 POSVERE
1064 2103 1068 2113 “

429 2217 678 2285 SODALES
732 2255 739 2268 ·
793 2217 1106 2285 FORTVNESeS

196 2379 272 2446 Non
295 2381 419 2465 fugisse
443 2403 477 2446 se
501 2385 615 2465 aperta
632 2401 839 2445 numerorum
859 2379 999 2466 vestigia
1017 2379 1098 2444 satis
1117 2379 1187 2462 ipse
1205 2377 1340 2443 Momm·

198 2511 293 2554 senus
317 2488 514 2574 significavit
537 2489 683 2554 Indicum
706 2511 736 2573 p.
755 2487 835 2553 485:
857 2487 947 2572 ipsos
970 2507 1082 2551 versus
1105 2485 1159 2550 vix
1182 2483 1342 2567 expedias,

196 2595 260 2660 nisi
284 2619 348 2662 uno
372 2596 406 2660 in
428 2595 501 2660 loco
525 2594 717 2659 dormitasse
742 2592 934 2678 lapidariam
958 2590 1163 2658 concesseris,
1199 2587 1285 2654 Nam
1309 2590 1342 2654 in

196 2700 295 2786 primi
318 2699 447 2786 quidem
469 2699 648 2765 hexametri
680 2700 769 2765 exitu
795 2721 861 2764 non
888 2697 1085 2783 lapidariam
1112 2697 1220 2781 potius
1245 2719 1341 2781 quam

199 2807 332 2874 Gattam
360 2808 543 2892 culpam,
574 2807 629 2891 qui
652 2805 785 2872 SIMVL
807 2806 931 2872 dederit
957 2827 1016 2890 pro
1040 2827 1078 2869 eo
1102 2802 1188 2888 quod
1207 2801 1342 2888 Viggia·

197 2939 258 2981 nus
285 2909 427 2980 testatur
455 2913 529 2979 SIM
548 2966 555 2979 .
575 2965 582 2980 .
601 2965 608 2980 .
627 2914 664 2980 R.
718 2913 804 2978 Satis
837 2913 931 2979 hodie
965 2915 1093 2978 constat
1124 2911 1164 2976 de
1191 2909 1343 2976 Plautina

198 3021 332 3088 simitu
355 3022 461 3087 forma
484 3022 586 3108 deque
608 3021 782 3086 bacchides
801 3043 952 3086 mensura
970 3022 1038 3086 eius
1057 3019 1244 3104 particulae.
1280 3017 1341 3084 Sed

198 3129 460 3216 antiquissimam
483 3129 621 3194 formam
648 3151 688 3194 ne
715 3127 799 3193 hanc
826 3127 955 3212 quidem
977 3125 1092 3205 fuisse,
1119 3126 1173 3191 diu
1198 3129 1248 3191 est
1270 3149 1342 3191 cum

197 3237 383 3322 perspicere·
408 3237 502 3302 nobis
530 3235 591 3302 visi
616 3258 726 3300 sumus
750 3258 766 3298 c
790 3234 882 3299 valde
906 3233 1045 3300 notabili
1075 3233 1232 3298 memoria
1255 3233 1342 3299 tituli

198 3343 390 3426 Florentini‚
413 3341 508 3428 quem
521 3365 547 3406 ,a
566 3340 687 3425 Sponio
710 3341 851 3424 primum
875 3341 1043 3424 vulgatum
1062 3339 1289 3424 recognovisse
1308 3363 1342 3404 se

198 3453 233 3516 in
260 3451 332 3534 ipso
364 3450 472 3534 lapide
499 3448 644 3534 Rapbael
673 3447 698 3512 F
700 3435 857 3512 abrettius
885 3449 1024 3512 testatus
1049 3454 1099 3511 est
1121 3470 1152 3530 p.
1171 3449 1245 3530 201,
1267 3447 1342 3530 492,

198 3547 398 3642 repetierunt
428 3557 526 3622 etiam
558 3555 676 3621 Gorius
710 3554 811 3619 Inscr.
842 3553 912 3618 Etr.
939 3553 956 3617 I
983 3576 1013 3638 p.
1032 3553 1099 3618 420
1136 3555 1169 3618 et
1200 3553 1342 3619 Orellius

199 3688 230 3730 n.
249 3665 346 3731 2863.
392 3665 454 3742 Qui
476 3666 539 3730 hoc
562 3663 656 3730 initio
681 3667 746 3729 est:

404 3823 572 3889 HILARA
594 3858 602 3874 ·
626 3823 769 3889 llllNOlt
792 3859 798 3873 ·
823 3821 991 3889 MIDAES
1014 3857 1021 3873 ·
1045 3821 1128 3888 MlN

404 3927 535 3993 IS'IRA
564 3963 570 3977 ·
600 3927 780 3994 SIMITVR
812 3964 819 3978 ·
852 3927 944 3994 CVM
977 3963 983 3978 ·
1016 3928 1129 3994 MIDA

405 4033 1045 4130 adnumerandum-Onne

199 4199 345 4285 Eamque
364 4183 469 4282 ipsam
490 4197 646 4263 simitur
664 4197 811 4283 formam,
829 4221 892 4283 qua
910 4199 1075 4264 decurtata
1094 4197 1196 4263 evasit
1214 4197 1343 4262 demum

201 4308 349 4392 simitu,
383 4305 587 4392 agnoscimus
623 4305 656 4370 in
684 4305 841 4394 Viggiani
873 4305 1060 4370 testimonio
1093 4305 1160 4370 illo.
1216 4303 1277 4368 Sed
1309 4305 1343 4369 in

200 4415 303 4479 altero
326 4435 434 4498 versu,
458 4413 507 4478 oui
531 4435 596 4478 una
619 4411 746 4498 syllaba
769 4412 858 4477 deest
881 4412 922 4477 ad
941 4413 1035 4477 metri
1053 4413 1174 4498 legem,
1197 4434 1263 4477 non
1286 4435 1342 4496 po·

200 4523 265 4586 test
295 4543 362 4586 non
395 4519 435 4586 ab
467 4519 539 4606 ipso
573 4519 781 4606 quadratario
815 4520 1079 4605 praetermissum
1111 4543 1179 4586 esse
1212 4519 1343 4605 aliquod
