3166 5084
246 350 287 413 10
560 366 787 416 sercrunorvu
810 365 1079 422 urmasrurovu.

243 533 361 576 nomen
375 511 459 576 redit
474 509 559 596 apud
574 509 762 576 lleinesium
776 511 846 594 XX,
868 511 940 595 124,
954 511 1008 595 qui
1023 510 1088 576 alia
1104 511 1260 596 quaedam
1275 507 1392 596 (Imm-

245 617 360 700 rupdus
381 616 473 702 XIV,
501 618 559 702 81)
588 617 700 683 attulit
727 618 768 683 ad
790 618 866 702 XX,
893 619 967 684 328.
990 653 1035 662 —-
1057 615 1177 683 Mirum
1208 622 1317 683 autem
1341 620 1393 702 sit,

245 724 279 788 ni
306 723 430 808 pridem
454 724 492 788 de
517 725 674 809 singulari
701 722 943 790 ΤΑΤΙΑΝΕΤΙ
964 723 1070 790 forma
1092 726 1241 790 nostrum
1264 747 1392 810 exspec-

244 831 352 896 taritis
375 831 537 897 iudicium.
586 831 688 908 Quam
716 832 854 896 mutavit
876 853 954 898 sane
979 829 1136 915 Stephani
1165 830 1312 916 lapicida,
1335 833 1392 898 sed

246 940 374 1021 praeter
401 939 636 1003 necessitatem.
682 936 758 1003 Fuit
780 937 867 1004 enim
893 938 956 1004 iste
984 959 1054 1003 mos
1072 939 1288 1022 posteriorum
1311 944 1392 1004 tem-

246 1067 377 1128 porum,
405 1066 470 1110 non
491 1045 549 1110 ille
572 1046 607 1110 in
630 1045 746 1131 vulgus
768 1049 874 1128 notus,
897 1045 1065 1130 genetivus
1089 1048 1122 1110 et
1144 1045 1271 1111 dativos
1294 1045 1398 1111 Grae-

245 1257 354 1323 autin
371 1259 437 1342 elas,
454 1259 495 1322 eli
513 1259 656 1343 syllabas
674 1261 900 1324 terminarent:
924 1258 963 1325 of.
982 1257 1150 1326 Reinesius
1170 1259 1211 1326 ad
1229 1261 1300 1345 XX,
1321 1261 1391 1325 114.

245 1363 345 1430 Velut
362 1365 572 1448 Apollodorei*
581 1387 640 1450 pro
660 1366 849 1451 Agathocli3
873 1366 1107 1452 Andromene,
1124 1366 1304 1450 Rhodopeni
1320 1367 1351 1433 h.
1366 1390 1393 1432 e.

246 1470 460 1553 Ἀνδρονίκηε,
483 1473 637 1558 Ῥοδόπῃ;
661 1477 697 1538 ut
719 1473 934 1558 probabiliter
957 1471 1098 1538 Orellius
1117 1475 1206 1540 4384
1230 1473 1393 1540 Gontioeua'

245 1576 280 1664 (a
308 1581 327 1644 Γ
329 1582 436 1661 αμική,
460 1581 499 1646 cf.
527 1581 622 1648 Febr.
647 1579 675 1664 1,
705 1581 781 1666 146)
805 1581 987 1647 coniecerit.
1032 1580 1116 1644 Item
1145 1581 1392 1661 membru,

221 1685 423 1771 oDiopenela',
445 1687 601 1765 Herbula
630 1688 747 1754 Irerwli
770 1711 819 1772 ap.
843 1688 969 1753 [taines.
992 1688 1063 1772 XX,
1090 1689 1161 1772 104,
1184 1687 1394 1754 Philumeneli

246 1793 289 1859 ib.
311 1793 381 1878 XX,
405 1795 479 1860 349.
525 1794 648 1861 Eodem
672 1796 813 1880 pertinet
834 1798 881 1860 ali
904 1796 1031 1862 dativus
1058 1795 1333 1861 nominativorum
1357 1796 1392 1862 iu

246 1904 268 1966 ᾶ
291 1901 514 1986 desinentium,
537 1906 575 1968 ut
592 1903 704 1986 Sodali
722 1904 765 1968 ib.
783 1903 857 1968 265.
891 1904 1070 1988 Tamquam
1095 1925 1115 1968 4
1133 1904 1272 1982 Τατιανή
1291 1903 1394 1988 igitur

247 2008 370 2074 factum
396 2009 561 2074 Tulluueli.
576 2048 620 2055 -
635 2008 785 2076 Ceterum
809 2011 928 2076 rectius
952 2009 1000 2072 L·
1016 2008 1071 2074 M·
1086 2009 1117 2074 N
1146 2009 1332 2093 collocatur,
1355 2016 1393 2076 ut

248 2138 275 2180 4.
298 2138 324 2181 c.
348 2138 399 2199 ap.
424 2115 514 2181 Grut.
538 2117 612 2200 383,
635 2118 665 2182 4.
685 2115 783 2183 Oroll.
806 2117 903 2201 4428,
927 2139 1023 2201 quam
1047 2117 1175 2182 inverso
1200 2115 1311 2182 ordine
1334 2116 1392 2180 M·

245 2221 288 2286 L·
302 2221 343 2288 N.
367 2260 409 2267 —-
433 2221 554 2288 Sulliae
579 2223 685 2309 gentis
704 2224 826 2288 mentio
846 2223 908 2288 etsi
931 2245 1006 2288 rara
1028 2228 1086 2308 est,
1109 2224 1147 2288 fit
1164 2227 1275 2288 tamen
1293 2222 1392 2288 etiam

246 2328 329 2414 apud
354 2328 449 2395 Fabr.
472 2329 528 2416 IX,
551 2331 626 2396 423.
650 2329 732 2396 Mur.
755 2330 829 2414 856,
853 2331 883 2395 3.
910 2329 1004 2416 1488,
1030 2331 1080 2396 15.

335 2435 611 2513 Quemadmodum
624 2437 686 2521 hic,
696 2437 743 2502 ita
757 2437 830 2502 aliis
846 2437 1002 2523 exemplis
1018 2461 1112 2522 saepe
1123 2437 1277 2522 dirempti
1294 2437 1391 2502 unius

246 2544 451 2630 eiusdemque
483 2544 601 2629 lapidis
631 2544 727 2610 binae
754 2545 981 2630 inscriptiones
1006 2566 1151 2610 seorsum
1174 2544 1395 2610 innotuerunt

142 2703 149 2716 .
243 2651 295 2716 Ita
318 2674 401 2737 quae
421 2675 440 2717 4
458 2651 596 2718 Grutero
616 2652 750 2717 affertur
768 2674 798 2736 p.
819 2653 869 2731 79,
892 2653 907 2715 1
929 2655 1095 2736 tamquam
1115 2652 1299 2738 singularis,
1318 2675 1394 2720 oum

245 2760 349 2824 altera
372 2760 511 2844 quadam
535 2760 580 2823 sic
605 2759 811 2824 coniunctam
835 2758 933 2823 codex
956 2758 978 2822 f.
1002 2759 1094 2826 2104
1117 2757 1371 2845 consignavit*):

491 2955 717 3002 FORTVNAE

491 3062 706 3110 AVGVSTAE

491 3168 651 3217 ausum
667 3202 674 3216 .
689 3201 741 3217 ...

490 3275 602 3322 MAVR
626 3275 698 3323 TES
715 3307 745 3324 ..

491 3381 612 3430 IVNIOR
618 3381 769 3431 Exsvrsv

246 3704 409 3788 Integrius
448 3703 605 3769 Gruterus
644 3701 921 3770 RESPIOIENTI
952 3702 963 3791 ll
994 3703 1051 3768 M·
1072 3701 1185 3766 AVR·
1205 3699 1395 3768 OTESIAS.

246 3811 407 3876 Fortunae
425 3809 633 3892 Raspiumlis,
656 3811 707 3876 eui
730 3832 767 3876 eu
789 3813 858 3877 4144
876 3811 907 3876 h.
927 3833 953 3876 4.
972 3810 1098 3876 somnio
1107 3809 1261 3886 ,monitus
1279 3829 1394 3872 monu-

247 3921 391 3982 mentum
424 3915 549 3982 (ltesias
580 3919 711 4002 quidam
738 3920 861 4003 posuit,
888 3919 1013 4002 aliquot
1040 3918 1186 4002 exempla
1216 3919 1396 4000 suppetunt

248 4048 298 4109 ap.
322 4023 413 4088 Grut.
439 4025 534 4108 1072,
558 4027 587 4088 6.
610 4023 692 4088 Mur.
716 4025 768 4108 84,
791 4025 820 4089 5.
847 4025 941 4109 1042,
965 4022 1059 4110 2((14
1078 4025 1194 4108 quibus
1213 4023 1276 4088 vid.
1295 4021 1394 4088 Orell.

250 4129 357 4216 1765).
386 4131 466 4214 330,
500 4133 531 4218 1,
563 4131 739 4198 Praesentis
772 4132 898 4196 nullum
926 4131 1138 4196 meminimus.
1189 4131 1394 4214 Quamquam

246 4261 304 4324 per
327 4261 362 4304 se
384 4239 466 4304 nihil
489 4239 551 4304 hoo
573 4239 674 4304 habet
704 4237 898 4304 offensionis.
944 4234 1150 4302 APOLLINI
1164 4270 1171 4285 ·
1187 4232 1395 4300 GRANNO·

245 4346 303 4412 ΕΤ
319 4382 326 4396 ·
342 4345 531 4412 8111οΝ411
546 4381 553 4398 ·
568 4345 638 4412 DIS
653 4381 660 4398 ·
675 4343 951 4428 PRAESENTIB
982 4343 1123 4409 dicatum
1147 4345 1395 4408 monumentum

253 4455 464 4465 —-..—--—

318 4488 344 4559 ⁸)
363 4483 448 4552 [vus
467 4504 540 4543 nuno
559 4453 588 4544 oss
608 4487 628 4542 1.
649 4487 680 4544 n.
700 4485 747 4556 v1,
767 4493 781 4541 1
801 4505 828 4542 n.
849 4491 908 4541 1s1.
944 4486 973 4540 o.
994 4482 1051 4554 w.]
