3116 5066
487 391 637 438 rrrvnvs
657 391 875 438 nvnnusuvs.
1202 373 1246 437 95

203 532 237 596 In
258 533 333 616 ipsis
356 533 453 597 rebus
476 555 575 598 unum
598 533 750 617 estquod
769 531 1008 598 commentandi
1027 553 1158 614 operam
1176 553 1248 595 nos-

128 641 199 702 tram
224 641 339 722 poscat.
387 637 518 702 Etenim
542 640 718 723 permirum
742 643 800 720 est,
822 659 895 702 cum
918 637 957 702 de
979 635 1129 701 Herculis
1153 640 1248 720 atque
1327 697 1331 704 .

126 745 192 810 adeo
217 745 253 810 de
274 745 424 812 Herculis
447 744 591 811 Victoris
615 747 654 810 'in
677 747 756 810 urbe
779 746 884 810 ltoma
911 743 1043 826 templis
1067 743 1206 808 multum
1230 767 1249 808 a

124 852 220 917 multis
242 856 423 938 quaesitum
446 854 498 936 sit,
522 876 542 916 a
563 853 692 918 nemine
716 857 826 918 tamen
845 852 920 916 huic
939 851 1123 936 quaestioni
1141 874 1248 936 super·

124 958 217 1022 etitem
244 958 278 1024 L.
306 960 456 1025 Mummii
484 960 617 1024 titulum
651 959 831 1026 adhibitum
855 981 942 1043 esse,
974 980 1032 1024 nec
1059 981 1079 1022 a
1106 957 1247 1024 Beckero

122 1063 267 1132 Euchirid.
291 1068 440 1151 antiquit
463 1067 501 1131 R.
525 1067 541 1130 I
563 1089 594 1150 p.
616 1067 682 1132 469
706 1089 753 1152 sq.
776 1067 843 1132 475
866 1088 935 1150 sqq.
957 1086 1017 1130 nec
1040 1066 1081 1129 ab
1105 1065 1173 1130 eius
1193 1066 1247 1130 ad-

121 1173 246 1238 versario
268 1173 378 1239 Vrliae
403 1197 434 1257 p.
457 1173 501 1238 90
529 1195 576 1257 sq.
603 1195 663 1238 nec
685 1174 720 1237 in
743 1171 879 1238 Beckeri
901 1191 1058 1254 responso
1082 1195 1112 1256 p.
1136 1173 1179 1237 60
1203 1195 1248 1256 sq.

121 1275 193 1342 ltolo
215 1279 407 1364 singillatim
431 1279 580 1364 persequi
604 1302 686 1364 quae
709 1279 791 1344 mihi
815 1280 855 1344 ab
879 1277 931 1342 his
955 1282 1011 1344 aut
1034 1284 1120 1344 recte
1143 1279 1249 1363 dispu-

120 1387 180 1449 tata
200 1391 254 1450 aut
277 1409 370 1452 secus
394 1387 573 1472 videantur,
596 1387 651 1451 sed
674 1388 786 1471 paucis
811 1387 887 1472 quid
911 1387 949 1450 de
968 1387 1016 1451 rei
1034 1409 1161 1451 summa
1179 1386 1248 1470 ipse

122 1491 244 1559 sentiam
267 1495 461 1580 significare.
498 1493 547 1558 Ac
570 1493 633 1558 duo
656 1497 784 1558 tantum
803 1493 951 1558 Herculis
975 1494 1098 1578 templa
1120 1495 1154 1558 in
1176 1493 1247 1559 foro

120 1598 218 1666 boario
240 1601 341 1686 adque
365 1601 487 1668 circum
511 1601 687 1666 maximum
711 1606 743 1666 ct
766 1607 894 1686 portam
918 1601 1127 1686 trigeminam
1149 1600 1249 1665 fuisse

120 1727 236 1788 prorsus
264 1711 448 1796 negandum
473 1731 544 1774 esse
567 1713 680 1775 contra
703 1709 847 1776 Vrlicem
876 1709 982 1774 video:
1013 1709 1053 1772 ad
1075 1706 1247 1772 Herculem

119 1819 213 1880 autem
230 1815 396 1884 Victorem
418 1818 613 1902 pertinuisse
637 1839 728 1882 aram
751 1817 925 1882 maximam
944 1816 1028 1882 circo
1049 1814 1248 1879 adiacentem

118 1941 174 1986 nou
202 1925 304 2008 magis
332 1923 476 1990 Beckcro
506 1926 645 1990 concedo
673 1947 770 2009 quam
800 1947 872 1989 eum
905 1922 1029 2006 templo
1058 1943 1129 1986 eam
1157 1943 1248 1986 aram

118 2029 303 2096 coniunctam
327 2032 438 2097 fuisse.
474 2029 551 2097 Non
573 2033 688 2116 potuit,
712 2031 740 2096 si
759 2032 918 2116 templum
936 2029 1060 2112 habuit,
1083 2028 1122 2093 de
1140 2029 1248 2094 sacello

118 2137 229 2204 lantum
255 2137 406 2203 Herculis
435 2136 565 2203 Solinus
588 2139 618 2223 I,
649 2140 689 2204 10
711 2137 814 2222 loqui:
847 2160 905 2202 nec
932 2136 1090 2220 templum
1115 2135 1247 2200 Tacitus

118 2239 190 2306 dun.
206 2243 274 2322 XV,
296 2246 339 2309 41
365 2245 456 2328 dixit,
480 2245 536 2310 sed
565 2266 712 2328 mapaam
734 2266 826 2310 aram
846 2246 1041 2326 fanumque
1062 2265 1139 2326 qaae
1156 2263 1246 2325 prae·

99 2351 183 2412 scuti
194 2351 321 2416 Heracli
335 2352 437 2417 Arcas
449 2353 600 2418 Euander
616 2357 799 2417 sacraverat.
827 2349 896 2416 Nec
914 2351 942 2415 is
962 2351 1039 2415 deus
1060 2351 1162 2415 Viator
1179 2372 1245 2414 urn-

118 2475 201 2536 quam
219 2458 402 2542 appellatus
426 2463 484 2543 est,
507 2457 562 2524 sed
584 2459 796 2541 Tarampbatis
813 2458 967 2522 Hercules
990 2457 1096 2522 Plinio
1117 2461 1247 2522 auctore

117 2556 150 2622 N.
173 2561 211 2626 H.
232 2563 383 2648 XXXIV,
406 2567 438 2648 7,
470 2565 524 2648 16,
552 2564 637 2649 quod
661 2565 769 2630 differt
793 2566 834 2629 ab
862 2565 928 2628 illo.
973 2561 1115 2626 Victoris
1139 2567 1247 2626 autem

119 2663 251 2734 Herculis
273 2673 373 2736 duas
395 2671 514 2736 Itomae
544 2673 632 2736 aedas
653 2672 763 2754 tuisse,
785 2691 882 2735 auam
906 2671 949 2733 ad
963 2673 1090 2751 portora
1113 2671 1246 2750 triperai-
1261 2684 1322 2724 ΠΗ

119 2777 335 2852 romanoram
357 2779 391 2841 ia
413 2778 483 2858 foro
506 2777 618 2857 boaria,
641 2779 833 2862 planissimo
857 2775 1043 2841 testimonio
1062 2774 1247 2839 Macrobius

92 2897 96 2910 ·
120 2876 175 2946 Sat.
195 2883 249 2968 Ill,
272 2887 292 2952 6
317 2885 495 2968 coufirmat,
518 2884 635 2950 harum
660 2885 794 2950 alteram
814 2908 833 2949 a
856 2883 898 2948 M.
923 2883 1057 2948 Octavio
1081 2881 1246 2948 Herennio

120 2990 241 3068 quodam
265 2993 429 3058 conditam
448 3015 518 3058 asse
543 2993 662 3058 addens
686 2991 821 3056 Masurii
842 2989 956 3056 Sabini
979 2989 1180 3054 auctoritate.
1217 2989 1245 3054 E

121 3113 172 3175 quo
192 3097 328 3163 eflicitur
351 3099 487 3164 alteram
504 3121 569 3164 nan
590 3100 688 3163 aliam
707 3103 803 3183 atque
822 3121 895 3162 eam
913 3119 983 3162 esse
1003 3119 1099 3182 quam
1119 3097 1246 3162 devicta

120 3197 226 3267 Achaia
247 3203 281 3270 L.
304 3205 481 3272 Mummius
505 3206 681 3288 imperator
700 3207 796 3288 atque
820 3203 1038 3288 triumphator
1060 3204 1119 3270 deo
1143 3227 1247 3270 saara-

120 3305 169 3370 vir:
193 3332 286 3394 quam
314 3333 391 3376 sane
419 3311 490 3376 foro
518 3311 640 3391 boario,
669 3331 735 3374 non
757 3313 872 3394 portae
896 3309 1090 3394 trigeminae
1114 3334 1151 3376 eo
1174 3335 1246 3395 pro-

120 3409 241 3481 babilius
268 3418 402 3500 tribues,
431 3438 494 3500 quo
523 3417 680 3482 celebrior
712 3418 797 3499 apud
826 3417 999 3500 scriptores
1025 3422 1074 3482 est
1095 3417 1246 3483 Herculis

121 3517 147 3581 in
167 3520 232 3588 loro
254 3525 368 3590 boario
392 3522 490 3587 aedis.
527 3523 648 3598 Quodsi
672 3525 706 3588 in
730 3524 841 3589 eodem
865 3524 937 3590 foro
961 3526 1073 3589 boario
1095 3523 1246 3588 Herculis

120 3627 193 3693 aedis
211 3627 448 3694 FAMILIANr
482 3627 545 3714 (sic
568 3630 654 3694 enim
676 3632 839 3714 proditum
864 3629 928 3718 est)
948 3653 1048 3716 prope
1066 3629 1246 3696 Pudicitiae

120 3733 254 3800 sacellum
288 3737 466 3801 collocatur
493 3759 512 3800 a
539 3735 636 3802 Festo
665 3761 695 3822 p.
718 3739 793 3820 242,
817 3737 869 3821 32,
892 3761 988 3823 quam
1007 3741 1171 3804 rotundam
1195 3737 1246 3802 Li·

118 3837 176 3904 vius
196 3840 233 3928 X,
261 3844 303 3908 23
328 3844 487 3928 appellat,
515 3847 571 3908 aut
597 3844 677 3908 haee
700 3843 849 3909 Herculis
874 3845 1017 3910 Victoris
1041 3869 1105 3912 non
1128 3845 1190 3908 fuit
1213 3849 1247 3908 et

119 3947 201 4013 tertia
235 3951 358 4016 accedit
393 3955 524 4034 praeter
561 3974 636 4016 arae
669 3953 829 4018 maximae
866 3954 1019 4017 sacellum
1055 3955 1246 4035 praeterque

119 4047 234 4138 Pompei
251 4056 365 4142 Magni
390 4057 500 4120 aedem
525 4059 610 4141 apud
634 4059 753 4123 circum
777 4059 955 4123 maximum
979 4058 1077 4122 semel
1103 4081 1122 4120 a
1140 4057 1246 4122 Plinio

119 4155 249 4248 XXXIV,
263 4165 292 4248 8,
308 4164 349 4228 57
369 4169 668 4230 commemoratam:
688 4169 784 4250 atque
804 4166 849 4228 ita
868 4165 973 4229 locum
988 4164 1088 4228 habet
1101 4163 1245 4248 pulcher·
1311 4197 1317 4212 ·

109 4317 311 4340 ,Μ

117 4417 138 4468 p·
154 4411 199 4462 607
217 4409 266 4465 aab
285 4410 324 4465 Ill
344 4427 360 4464 e
380 4409 472 4478 lapide
490 4409 687 4480 bybliothecae
704 4410 888 4478 Barbarinae,
908 4411 966 4466 aeri
984 4409 1102 4465 incisum
1120 4411 1148 4466 iu
1169 4411 1243 4466 Pira-

117 4494 175 4547 uesii
190 4497 277 4553 Fastis
297 4497 463 4568 Capitolinis
480 4517 507 4570 p.
527 4501 581 4554 ra’
621 4499 650 4553 C.
669 4499 726 4569 W.]
