3282 5076
211 407 215 416 .
245 364 249 380 ’
309 351 372 415 186
452 368 603 416 TlTVLVS
627 367 817 414 COLVMNAE
842 368 1045 415 nossemus·
1070 368 1302 416 nvnnnlsusn.

306 510 401 576 titulo
436 511 527 596 sequi
564 533 598 574 se
629 507 836 576 Oiaeconium
874 515 911 575 et
943 509 1181 595 Onupbrium
1218 511 1449 578 Pauvinium

305 617 411 702 planis
435 617 542 682 verbis
566 616 729 682 Goazius
756 619 906 682 testetur:
934 639 972 682 ex
1000 617 1052 682 his
1079 618 1228 683 omnibus
1251 639 1317 684 non
1338 619 1449 685 imme-

305 725 368 789 rito
392 725 540 810 conligas
559 722 681 807 aliquid
701 723 996 808 supplementorum
1016 721 1106 811 (nem
1124 725 1270 809 paullum
1289 729 1339 791 est
1357 727 1448 815 sane)

304 831 370 896 iam
396 830 589 896 Panuinium
621 829 656 895 in
683 829 816 896 schedas
845 829 1033 914 coniecisse,
1069 831 1103 895 id
1136 835 1245 896 eutem
1277 837 1352 916 post
1379 834 1448 900 eius

305 939 442 1004 mortem
465 938 593 1003 demum
617 939 652 1002 in
674 938 778 1002 lucem
797 941 999 1023 protractum
1019 938 1111 1004 novis
1131 937 1323 1024 ‘Triumphi’
1342 962 1447 1006 exem-

304 1045 369 1129 plis
393 1045 435 1109 ab
458 1043 636 1110 editoribus
661 1045 822 1110 adiectum
845 1067 924 1112 esse.
961 1045 1080 1122 Quodsi
1103 1043 1255 1110 Gomium
1278 1068 1343 1112 non
1367 1048 1446 1112 satis

305 1152 428 1217 curiose
456 1153 520 1235 ipsi
547 1135 706 1218 Pontinio
733 1152 900 1238 tribuisse,
932 1174 1013 1237 quae
1043 1153 1077 1217 in
1105 1153 1347 1218 commentariis
1377 1157 1446 1220 tan·

304 1261 374 1322 tum
396 1258 607 1324 Panviuianis
631 1279 740 1324 recens
765 1258 860 1324 editis
882 1259 1089 1343 repperisset,
1117 1258 1301 1342 credideris,
1330 1259 1447 1326 nesciri

302 1365 470 1430 fatendum
494 1367 556 1430 erit
579 1365 620 1431 ad
642 1388 738 1451 quem
762 1371 925 1432 auctorem
954 1367 1177 1451 supplementa
1200 1366 1259 1430 illa
1280 1366 1448 1432 referenda

303 1471 378 1537 sint.

392 1577 545 1648 Triennio
583 1585 680 1648 antea
716 1585 880 1667 repertum
917 1581 1049 1646 titulum
1080 1580 1203 1646 Romae
1238 1581 1447 1667 peregrinone

303 1684 397 1750 ‘vidit
420 1690 453 1751 et
476 1687 647 1772 descripsit
669 1687 814 1754 Ivsuvs
837 1687 999 1754 Lirnvs
1023 1711 1107 1754 anno
1132 1686 1265 1772 nxv111’,
1292 1691 1329 1754 ut
1351 1688 1445 1754 Gru·

302 1797 408 1860 terus
437 1793 536 1860 lusor.
562 1817 592 1878 p.
616 1793 772 1861 OOOOIV
801 1797 940 1860 testatur
966 1795 1073 1860 uerbis
1105 1796 1142 1858 ut
1167 1799 1247 1878 puto
1275 1795 1447 1880 Lipsianis.

303 1900 365 1966 Sed
388 1902 477 1984 prius
501 1924 596 1986 quam
619 1902 799 1986 publicavit
821 1902 998 1986 integrum,
1022 1902 1131 1986 aliqua
1154 1925 1192 1966 ex
1216 1906 1308 1987 parte
1326 1907 1447 1969 tracta·

302 2009 351 2073 vit
372 2008 406 2074 in
429 2007 645 2093 Antiquarum
668 2009 845 2075 lectionum
872 2009 965 2074 libris
988 2029 1072 2074 enno
1097 2026 1284 2076 clmoaxxv
1307 2010 1446 2094 primum

303 2115 405 2180 editis.
451 2115 500 2182 lbi
529 2117 613 2180 onim
641 2117 747 2201 capite
762 2115 814 2181 ‘14
842 2116 916 2181 libri
940 2115 973 2180 Π
1003 2115 1042 2181 de
1070 2117 1219 2182 columna
1246 2119 1389 2182 rostrata
1412 2115 1445 2182 C.

275 2221 404 2288 :Duilii
422 2223 473 2288 his
491 2223 692 2308 praemissis:
716 2223 872 2289 ‘ostendit
893 2222 1110 2308 fragmentum
1130 2223 1346 2308 antiquissimi
1366 2223 1445 2308 lapi-

302 2329 409 2394 disin
436 2329 507 2396 foro
531 2330 589 2396 Ro.
613 2331 710 2414 eruti,
741 2353 836 2415 quem
863 2329 958 2395 huius
988 2329 1092 2414 ipsius
1120 2331 1288 2396 columnae
1319 2335 1445 2414 partem

302 2459 372 2502 csse
396 2459 506 2502 omnes
530 2437 733 2503 humanitate
751 2437 844 2503 tincti
865 2437 1013 2503 homines
1033 2437 1114 2524 mibi
1134 2436 1332 2516 essentient',
1355 2443 1446 2521 quat

301 2545 479 2610 tuordeoim
512 2545 553 2609 ab
587 2545 679 2612 initio
713 2567 863 2611 versuum
895 2544 1044 2610 ‘fractam
1073 2548 1105 2612 et
1132 2545 1279 2610 mutilam
1310 2544 1445 2628 scriptu·

301 2650 382 2716 ram’
410 2652 516 2736 ipsam
544 2653 710 2738 proponit,
743 2651 814 2718 ‘ita’
844 2657 882 2717 ut
911 2652 958 2717 ait
985 2651 1070 2718 ‘oum
1098 2675 1174 2717 eura
1200 2675 1385 2736 expressam
1409 2656 1445 2716 ut

300 2781 367 2826 non
386 2759 459 2845 ipsa
477 2759 571 2825 Fides
590 2760 694 2844 possit
712 2759 857 2826 fidelius?
890 2759 959 2835 Quo
980 2761 1041 2824 etsi
1061 2761 1133 2843 plus
1152 2758 1329 2824 affirmavit
1347 2779 1444 2842 quam

301 2865 477 2948 praestitit,
508 2868 617 2930 tamen
652 2865 713 2930 hoc
745 2865 834 2930 illine
871 2865 1087 2950 intellegitur,
1123 2887 1206 2930 auno
1238 2879 1444 2930 molouxvm

300 2970 444 3036 nondum
467 2970 566 3036 fuisse
589 2972 624 3036 in
647 2971 821 3056 superstite
843 2971 955 3036 tabula
978 2993 1032 3036 eas
1051 2971 1178 3034 litterae
1197 2969 1444 3054 litterarumque

300 3080 409 3158 partes
438 3077 559 3142 recenti
587 3099 683 3141 manu
716 3077 871 3159 adiectas,
903 3076 1019 3160 quibus
1051 3074 1148 3141 hodie
1176 3077 1267 3140 v.10
1295 3077 1444 3142 effectum

301 3185 350 3246 est
378 3181 568 3262 OLOROM,
603 3206 630 3248 v.
657 3186 694 3248 ll
725 3181 889 3249 NAVEIS
918 3175 1070 3266 UEPET,
1107 3182 1287 3267 similiaque
1320 3183 1444 3250 minore

300 3289 424 3354 ambitu
448 3289 513 3354 alia
534 3291 566 3356 iu
592 3291 705 3356 dextra
728 3294 830 3374 parte.
867 3288 952 3356 Nom
977 3313 1048 3355 oum
1072 3313 1092 3355 a
1114 3289 1225 3374 Lipsio
1248 3291 1347 3357 etiam
1371 3317 1443 3378 sup-

300 3397 408 3481 plendi
432 3397 520 3464 tituli
543 3397 766 3464 tenuissimum
795 3397 956 3484 quoddam
984 3397 1111 3464 initium
1139 3398 1286 3482 pauculis
1310 3397 1444 3468 adiectis

300 3503 419 3570 litteris
441 3505 564 3572 factum
588 3505 643 3584 sit,
677 3505 710 3570 in
739 3527 833 3570 uersu
860 3509 970 3570 tamen
999 3503 1166 3570 undecimo
1195 3505 1337 3570 servavit
1359 3506 1444 3570 lecu·

299 3633 388 3695 nam,
420 3611 460 3676 de
484 3635 511 3676 v.
535 3615 643 3677 auten:
675 3613 715 3677 10
743 3614 777 3678 in
804 3613 1010 3679 insolitarum
1038 3613 1215 3678 formarum
1243 3611 1443 3696 quorundam

300 3718 490 3784 brevissima
514 3741 609 3804 quam
634 3720 771 3786 subiecit
798 3721 1064 3804 interpretatione
1092 3721 1137 3785 sic
1167 3720 1350 3804 suspicatur
1372 3721 1442 3782 tan-

299 3831 382 3892 tum:
411 3825 508 3912 ‘quod
536 3825 676 3892 fractum
704 3827 823 3912 legitur
853 3828 907 3892 Ob
927 3879 933 3892 .
954 3877 960 3892 .
980 3877 987 3892 .
1006 3877 1013 3893 .
1032 3827 1108 3910 OM,
1140 3831 1219 3912 puto
1250 3826 1348 3890 fuisse
1372 3822 1442 3888 OL-

299 3933 465 4018 LOROM,
492 3934 524 4000 id
552 3938 603 4000 est
629 3934 775 4002 illorum?
821 3935 869 4000 De
893 3935 966 4000 aliis
994 3957 1090 4020 quam
1120 3957 1185 4000 non
1209 3932 1391 3998 eonstiterit
1413 3930 1442 3994 ei

299 4042 358 4108 illo
387 4047 546 4127 tempore,
578 4043 658 4108 haee
685 4043 861 4109 ostendunt
887 4065 969 4128 quae
997 4041 1035 4107 de
1063 4039 1312 4106 EXFOCIONT
1339 4036 1441 4102 addit:

300 4148 391 4214 ‘illud
415 4155 595 4215 monstrum
619 4149 709 4216 verbi
738 4148 815 4234 quid
839 4149 902 4215 sibi
924 4150 1017 4234 velit,
1046 4148 1166 4232 Apollo
1194 4144 1355 4231 rogandus
1378 4147 1441 4209 est:

299 4257 362 4322 nisi
386 4257 436 4322 eui
460 4257 567 4340 placet
594 4256 802 4322 eruditissimi
830 4255 876 4322 St.
899 4256 1006 4342 Pighii
1034 4253 1129 4319 amici
1159 4254 1223 4318 mei
1250 4251 1442 4331 coniectura,

299 4365 355 4448 qui
378 4365 508 4449 antique
532 4385 590 4448 pro
610 4365 772 4447 ecfupiunt
793 4365 950 4449 scriptum
974 4359 1159 4428 iudicabat'
1191 4357 1361 4424 Nihildum
1385 4358 1442 4445 igi-

300 4475 354 4537 tur
376 4471 674 4555 supplementorum
703 4471 743 4536 ab
772 4470 845 4536 aliis
869 4468 1125 4555 excogitatorum
1152 4467 1210 4532 illa
1237 4469 1344 4532 astate
1371 4487 1443 4551 per·
