3246 5082
484 401 693 452 narruonvn
717 402 984 465 rurrqussurrs.
1241 385 1304 448 287

153 543 288 628 quitis
306 564 493 629 numquam,
508 546 593 630 quod
608 547 756 631 sciamus,
770 551 827 610 aut
845 543 1051 622 NEIQVAM
1074 541 1304 620 Nulovlull

154 655 217 715 aut
240 649 416 726 NIQVAM
438 651 641 729 NIQVITIA
670 653 792 736 scripta
820 657 908 735 sunt,
940 656 1050 716 tamen
1077 650 1111 714 id
1133 651 1254 735 ipsum,
1277 652 1306 716 si

153 747 258 823 modo
282 758 469 842 placuisset,
492 759 638 842 potuisse
662 759 732 823 fieri
755 780 820 823 non
844 759 949 842 magis
969 781 988 824 a
1006 758 1133 823 ratione
1152 756 1307 824 abhorret

154 885 259 948 quam
283 867 358 928 ante
381 864 537 949 iniquos
560 865 700 930 formam
724 864 878 950 potuisse,
901 864 987 948 quod
1009 864 1088 928 item
1108 864 1307 949 ignoramus,

152 971 322 1054 inequos
351 971 496 1055 probari,
525 972 577 1037 vel
605 975 847 1037 erestumare
875 992 1111 1055 conquerere
1143 975 1217 1036 ante
1245 993 1305 1035 ex·

153 1079 348 1143 istumare
372 1081 614 1164 conquirere:
639 1079 677 1144 de
701 1080 816 1164 quibus
839 1101 942 1162 nuper
961 1078 1026 1142 dixi
1044 1077 1131 1144 Mon.
1148 1079 1247 1164 epigr.
1266 1083 1306 1144 tr.

154 1207 188 1268 p.
200 1186 240 1248 21
263 1187 374 1270 [supra
388 1210 418 1270 p.
429 1187 491 1252 140
502 1189 573 1271 sq.]‚
588 1187 709 1252 oblitus
724 1186 885 1252 Naeviani
903 1185 990 1250 illius
1005 1184 1051 1249 ‘re
1069 1183 1305 1270 inquaesita’

155 1292 248 1376 apud
273 1290 456 1358 charisium
480 1315 510 1377 p.
532 1293 604 1358 186.
650 1293 784 1358 Accedit
812 1293 897 1376 quod
923 1314 964 1357 ne
992 1304 1005 1356 i
1033 1292 1163 1377 quidem
1193 1293 1307 1377 vocali,

155 1399 192 1462 in
222 1421 321 1482 quam
349 1399 388 1464 de
415 1423 504 1466 more
531 1422 568 1465 ue
590 1400 814 1484 diphthongus
846 1399 1010 1464 transibat
1042 1399 1076 1463 in
1108 1401 1307 1484 compositis,

154 1527 226 1570 non
252 1506 361 1588 potuit
383 1507 529 1590 vulgaris
557 1529 717 1591 nequam
745 1506 851 1572 forma
877 1507 982 1589 nasci,
1015 1508 1043 1572 si
1066 1506 1162 1571 modo
1185 1507 1220 1570 in
1242 1518 1306 1571 ne·

153 1624 270 1697 iquos
293 1609 435 1696 (quando
460 1612 593 1696 ancipiti
617 1635 768 1678 mensura
789 1612 853 1678 fuit
875 1613 1029 1698 negative
1052 1613 1111 1677 illa
1140 1635 1184 1678 ne
1207 1614 1306 1696 parti-

155 1717 249 1804 cula)
272 1718 528 1803 praeponderare
551 1741 567 1784 e
589 1741 664 1803 prae
689 1721 714 1803 i,
737 1743 803 1785 non
826 1721 839 1784 i
861 1742 938 1804 prae
961 1741 977 1785 e
998 1721 1172 1804 putaveris.
1213 1719 1306 1785 (lorn-

156 1825 402 1909 mendaretque,
424 1826 488 1890 nisi
512 1847 584 1890 mea
603 1847 655 1890 me
674 1826 784 1910 opinio
803 1826 898 1904 fallit,
921 1826 1005 1890 hanc
1023 1825 1306 1890 ratiocinationem

156 1955 290 1999 omnem
313 1931 400 1997 haud
423 1933 539 1998 leviter
561 1932 650 1998 Festi
670 1957 700 2018 p.
721 1933 793 2017 165,
812 1933 856 1998 30
878 1933 1048 1999 memoria:
1073 1932 1244 2018 ‘negritu
1273 1931 1307 1996 in

157 2039 294 2126 auguris
328 2038 490 2124 signifieat
522 2038 712 2125 aegritudo',
749 2039 778 2103 si
806 2039 914 2105 minus
942 2040 1151 2105 obscuratam
1178 2040 1307 2104 mutila-

157 2151 293 2231 tamque
326 2145 531 2211 librariorum
564 2147 771 2232 neglegentia
802 2145 1002 2212 haberemus.
1042 2145 1107 2212 Vbi
1132 2146 1217 2232 quod
1244 2168 1307 2211 ne·

156 2256 268 2339 gritu
297 2253 551 2338 interpretantur
578 2253 741 2338 necritu,
773 2253 804 2318 id
833 2275 896 2338 qua
923 2252 1055 2318 tandem
1077 2254 1204 2318 ratione
1235 2254 1307 2319 sub·

158 2362 264 2426 iectae
298 2383 317 2424 a
345 2361 560 2445 grammatico
589 2360 819 2446 significationi
853 2360 1065 2426 conciliabis?
1111 2359 1213 2436 Quem
1246 2359 1308 2425 etsi

157 2468 237 2552 quid
274 2467 442 2552 scripsisse
471 2466 575 2532 dicam
607 2488 671 2532 non
703 2466 821 2546 habeo,
853 2470 962 2530 tamen
996 2465 1076 2530 illud
1108 2466 1162 2530 vix
1194 2465 1329 2531 dubito·

159 2575 239 2660 quin
272 2574 403 2660 aliquod
440 2573 632 2640 vocabulum
665 2596 684 2637 a
716 2593 828 2658 negr-
861 2573 1019 2656 incipiens
1057 2569 1209 2658 (fortasse
1241 2593 1307 2636 non

159 2681 250 2746 aliud
278 2684 375 2766 etquis
404 2678 622 2764 negritudo)
654 2679 869 2763 compositum
901 2701 971 2744 esse
1000 2701 1038 2744 ex
1066 2700 1111 2742 ne
1140 2682 1172 2742 et
1200 2699 1306 2764 aegr-

160 2787 344 2853 tradiderit.

253 2894 305 2960 Ad
328 2895 466 2979 simplex
489 2915 617 2977 nomen,
640 2893 723 2958 unde
747 2893 874 2978 deflexi,
905 2893 1000 2959 redeo
1020 2890 1224 2970 ,Aconum
1270 2892 1308 2958 In

160 3003 255 3068 cuius
275 3002 379 3066 altera
398 3001 526 3085 syllaba
543 3002 559 3064 ὅ
578 3023 637 3086 pro
657 3005 670 3064 l
689 3000 811 3066 vocalis
830 3023 896 3065 non
915 3001 988 3085 plus
1004 3000 1190 3067 offensionis
1209 2999 1309 3066 habet

161 3127 261 3192 quam
280 3109 314 3174 in
332 3131 464 3192 prorsus
483 3107 640 3192 parilibus
661 3105 840 3172 MERETO
866 3106 1059 3173 SOLEDAS
1087 3105 1308 3191 OPPEDEIS,

161 3236 202 3278 ne
227 3215 339 3300 paullo
363 3215 592 3300 longinquiora
614 3237 784 3280 arcessam.
821 3214 959 3299 Fuitque
981 3214 1066 3279 haud
1089 3214 1185 3278 dubie
1209 3215 1308 3278 etiam

162 3321 347 3405 nequetia
384 3321 557 3405 aliquando
590 3321 746 3386 usitatum
778 3325 854 3386 ante
891 3321 1076 3405 nequitia.
1130 3321 1308 3404 Aliquanto

163 3427 238 3509 plus
261 3427 474 3493 dubitationis
498 3428 593 3493 facile
616 3428 758 3511 cuipiam
787 3449 845 3512 pro
873 3449 914 3508 qu
941 3427 1049 3510 posita
1076 3447 1092 3490 c
1117 3427 1229 3490 littera
1251 3427 1309 3491 ini-

163 3532 237 3598 ciat.
274 3533 360 3600 Nam
383 3535 445 3599 etsi
468 3537 597 3618 praeter
621 3555 762 3617 aequos
791 3533 955 3596 exstitisse
983 3533 1081 3596 etiam
1105 3554 1216 3597 aecus
1244 3534 1309 3598 for·

164 3661 250 3706 marn
279 3641 360 3707 satis
389 3641 594 3726 exploratum
623 3647 686 3720 est,
721 3645 831 3704 tamen
864 3638 944 3704 haec
977 3638 1104 3722 quidem
1137 3639 1309 3706 subsecuta
1323 3658 1349 3696 ²⁴

164 3751 215 3811 est
245 3748 373 3814 demum
400 3749 541 3814 naturali
568 3748 759 3813 necessitate
783 3768 800 3811 o
829 3746 949 3812 vocalis
977 3747 1010 3810 in
1039 3768 1061 3810 a
1088 3747 1309 3813 mutationem.

166 3849 228 3918 Sed
245 3859 357 3920 tamen
375 3854 556 3920 veterrimis
576 3855 641 3920 iam
660 3853 862 3936 temporibus
882 3853 1039 3937 quaedam
1059 3853 1175 3918 saltem
1196 3855 1230 3918 in
1248 3854 1310 3919 hoe

95 4021 98 4028 .
165 3979 283 4043 genere
311 3961 470 4026 vocabula
497 3983 513 4028 c
540 3963 684 4026 litteram
718 3960 871 4026 ascivisse
904 3957 981 4044 (quc
1012 3959 1152 4024 fortasse
1185 3961 1309 4044 quiris

166 4068 269 4132 euris
297 4067 451 4154 pertinet)
474 4067 644 4153 potissimo
673 4067 865 4132 documento
897 4088 976 4131 com
1009 4088 1078 4132 oon
1111 4067 1310 4150 praepositio

166 4175 229 4256 est,
252 4174 299 4240 sic
319 4175 442 4260 scripta
460 4198 518 4260 pro
543 4197 654 4259 quom
677 4196 742 4238 non
760 4175 792 4238 in
808 4173 1036 4258 antiquissimo
1054 4177 1182 4238 tantum
1202 4173 1310 4258 elogio

167 4273 328 4364 Scipionis
360 4279 494 4346 Barbati
528 4282 548 4346 f.
581 4278 905 4366 (COSENTIONT),
938 4281 1017 4344 item
1051 4280 1085 4344 in
1116 4279 1311 4363 pervetustis

165 4385 272 4454 titulis
296 4385 470 4454 Venusinis
498 4385 523 4452 l.
546 4387 583 4452 R.
607 4385 646 4452 N.
672 4387 744 4451 715.
770 4387 832 4451 716
862 4385 910 4463 [O.
932 4386 956 4452 I.
980 4385 1014 4450 L.
1044 4383 1113 4453 ln.
1136 4387 1207 4453 185.
1234 4388 1309 4469 186]

167 4487 408 4576 (CONSOLTV
432 4492 747 4581 CONSVLVERE),
770 4493 825 4558 sed
843 4497 972 4577 praeter
991 4500 1098 4560 cetera
1118 4493 1153 4558 in
1167 4491 1311 4580 OOSOL,
