3246 5074
599 355 883 406 svrrnauanrvn
907 361 939 407 v.
1282 340 1346 404 559

201 503 255 564 sat
282 501 378 584 plane
407 499 573 585 explicari,
604 500 721 566 barum
749 507 857 568 autem
881 503 1150 568 conficiendarum
1178 503 1347 568 incorum
1431 543 1440 554 ·

200 628 285 690 quae
311 629 399 674 nunc
429 611 505 672 sunt
533 611 719 692 temporum
752 611 912 695 angustiis
944 631 1003 674 nec
1035 609 1131 674 venia
1161 608 1274 673 nobis·
1288 631 1347 674 nec

201 714 298 798 copia
325 719 388 798 est,
421 715 456 778 in
483 714 553 782 sola
580 737 667 780 nunc
695 737 734 780 ea
760 721 854 799 parte
883 717 1084 781 versabimur
1107 737 1188 799 quae
1212 715 1252 780 ad
1275 737 1347 780 con·

202 820 439 886 iunctissimam
462 842 535 887 cum
558 823 775 889 architectura
798 823 1028 908 epigraphicen
1047 826 1183 907 spectat.
1218 819 1270 886 le'
1287 820 1348 886 hac

202 927 288 991 enim
312 932 470 1012 quantum
494 951 590 1014 saepe
612 931 694 996 lucis
718 931 752 995 in
775 931 947 995 historiam
970 931 1051 994 artis
1074 929 1246 1012 redundet,
1274 951 1347 994 cum

203 1034 276 1098 aliis
309 1022 510 1100 documentis
542 1035 668 1121 pridem
697 1037 899 1102 intellectum
932 1040 982 1100 est
1013 1039 1084 1100 tum
1117 1035 1211 1104 buius
1244 1035 1346 1119 ipsius

201 1143 404 1207 monumenti
431 1143 610 1228 insigniore
640 1144 788 1228 exemplo
816 1147 962 1227 apparet.
1007 1141 1134 1226 Quippe
1162 1142 1208 1206 sic
1237 1143 1347 1208 existi-

202 1251 328 1312 matum
360 1251 411 1313 est
442 1249 484 1314 ab
516 1250 726 1336 elegantioris
761 1251 871 1316 iudicii
902 1250 1089 1316 hominibus
1121 1249 1347 1334 Francogallis

62 1431 65 1438 μ
201 1354 375 1439 plerisque:
407 1359 476 1420 tam
505 1357 680 1423 manifesta
707 1358 908 1423 mausoleum
933 1355 1095 1422 Glanense
1122 1356 1242 1422 indicia
1268 1377 1346 1441 prae

202 1484 236 1526 se
263 1463 348 1528 ferre
376 1467 434 1528 aut
460 1464 604 1529 labantis
632 1465 713 1529 artis
741 1468 798 1530 aut
827 1486 928 1549 prope
951 1463 1018 1528 iam
1041 1463 1165 1547 lapsae,
1197 1466 1234 1528 ut
1266 1464 1347 1528 anti·

202 1569 325 1653 quioris
349 1571 468 1636 aetatis
491 1571 649 1656 cogitatio
673 1571 779 1636 omnis
801 1571 915 1655 procul
938 1569 1088 1634 habenda
1111 1570 1162 1634 eit.
1192 1568 1291 1634 Velut
1313 1570 1348 1642 in

201 1675 287 1740 hunc
310 1677 440 1742 modum
464 1675 608 1743 Millinus
631 1677 912 1744 commentabatur
933 1699 964 1760 p.
982 1676 1048 1740 400
1068 1697 1126 1759 sq.:
1155 1673 1291 1760 ‘Malgre
1314 1676 1347 1739 la
1418 1700 1421 1708 ¹

202 1782 318 1847 beaute‘
341 1783 380 1847 de
404 1785 589 1850 l'ensernble
616 1785 658 1849 du
681 1784 844 1848 mausolde
857 1781 861 1784 ’
874 1787 907 1847 st
929 1783 962 1845 la
984 1781 1173 1846 delioatesso
1196 1781 1235 1846 de
1259 1781 1346 1867 quel·

202 1911 280 1973 ques
303 1911 488 1974 ornemus,
519 1891 542 1956 il
566 1891 645 1957 effre
670 1890 725 1955 des
748 1890 890 1976 detauts3
922 1890 969 1955 les
993 1889 1145 1954 colonnes
1169 1889 1347 1972 cannele‘es,

202 2017 278 2062 arec
300 1996 356 2062 des
379 1996 570 2082 chapiteaur
594 1997 792 2064 corinthiens
821 2002 854 2062 et
876 1997 932 2062 des
955 1997 1051 2061 bases
1075 1997 1230 2082 attiques‚
1256 1998 1347 2062 n’ont

201 2125 260 2188 pas
284 2103 323 2168 de
341 2103 446 2187 justes
468 2105 693 2190 proportions3
716 2105 749 2171 la
770 2097 922 2170 ¹corniche
945 2109 978 2169 et
1001 2105 1033 2168 la
1056 2103 1135 2170 friso
1153 2108 1286 2189 portent
1305 2103 1347 2169 du

202 2210 311 2274 milieu
334 2209 391 2275 des
414 2211 579 2297 colonum,
607 2212 662 2298 qui
685 2235 725 2276 ue
748 2212 795 2276 les
819 2216 1012 2297 supportent
1040 2234 1099 2294 pas
1122 2212 1346 2295 entierement3

201 2315 226 2378 il
246 2337 267 2399 y
287 2329 306 2380 a
325 2315 380 2380 des
403 2317 525 2399 parties
545 2317 747 2384 d'ornement
764 2319 1020 2403 tres-grossieres
1037 2321 1070 2382 et
1084 2319 1346 2403 tres-negligas:

202 2421 287 2486 enfin
309 2422 333 2486 il
356 2427 407 2488 est
430 2423 497 2488 aisa
520 2425 559 2488 de
583 2425 654 2489 roir
677 2447 738 2509 que
762 2423 943 2515 cete‘difice
966 2423 1019 2488 n'a
1038 2445 1097 2507 pas
1116 2425 1167 2486 ete
1185 2422 1248 2486 fait
1266 2423 1345 2488 dans

201 2528 232 2591 le
255 2529 318 2592 bon
342 2532 448 2612 temps
471 2529 510 2593 de
533 2529 620 2612 l'art3
648 2530 672 2593 il
700 2535 749 2595 est
772 2534 936 2594 serenent
958 2529 1036 2594 d'un
1065 2535 1188 2613 temps
1217 2531 1346 2612 postd-

201 2635 305 2701 rieur
329 2639 348 2699 a
371 2637 472 2700 celui
496 2637 561 2701 des
584 2636 801 2702 Antonius!
838 2637 914 2702 Alia
937 2659 1018 2722 quae
1042 2641 1137 2721 putat
1159 2636 1241 2700 vitia
1263 2637 1346 2700 vitu-

201 2763 316 2827 perans
339 2741 520 2807 Labordius
543 2765 573 2826 p.
593 2744 636 2808 83
656 2766 702 2828 sq.
734 2743 795 2807 etsi
819 2747 961 2808 aetatem
985 2743 1103 2808 certius
1127 2743 1258 2808 definire
1281 2765 1346 2807 non

202 2852 252 2912 es't
270 2871 381 2934 ausus,
400 2853 510 2915 tamen
528 2849 567 2914 de
581 2853 729 2934 tompore
749 2871 816 2914 non
829 2851 967 2914 multum
982 2852 1106 2914 remoto
1120 2847 1208 2934 (bne
1222 2849 1347 2933 epoque

201 2977 263 3038 peu
285 2956 438 3042 recule'e’)
466 2959 545 3022 item
574 2957 726 3043 loquitur.
771 2955 882 3042 Longe
911 2960 945 3021 et
972 2955 1183 3022 confidentius
1212 2959 1245 3020 et
1272 2977 1345 3020 con-

200 3064 357 3147 temptius
380 3065 430 3128 vir
453 3065 697 3132 sollertissimus
716 3065 838 3129 iudicat
852 3063 995 3148 Prosper
1007 3062 1162 3128 Merinree
1181 3063 1216 3127 in
1231 3063 1370 3130 ‘Notes-

201 3167 275 3233 d'un
299 3191 423 3256 voyage
447 3172 526 3236 dans
554 3172 584 3236 le
608 3173 686 3236 midi
710 3173 748 3236 de
772 3171 805 3235 la
827 3169 972 3254 France',
1001 3171 1057 3255 qui
1080 3170 1162 3234 liber
1187 3168 1345 3234 Bruxellis
1464 3160 1467 3168 ’

191 3276 320 3358 prodiit
347 3301 376 3340 a.
398 3277 491 3342 1835.
542 3277 575 3340 Is
599 3279 684 3342 enirn
712 3277 899 3361 praemissis
930 3299 959 3360 p.
980 3277 1046 3342 300
1072 3275 1125 3339 bis
1148 3275 1268 3339 verbis:
1301 3273 1346 3338 ‘le

182 3381 353 3445 .tombeau
378 3382 440 3444 m'a
462 3404 543 3466 paru
567 3383 724 3467 mesquin,
748 3383 880 3466 bizarre,
903 3386 936 3445 et
954 3383 1028 3446 d'un
1052 3385 1132 3466 gott
1155 3380 1347 3466 detestoble3

200 3487 224 3548 il
247 3489 297 3549 est
319 3487 511 3568 impossible
534 3488 573 3552 de
596 3509 638 3552 ne
661 3510 720 3571 pas
744 3489 848 3574 croire
870 3511 910 3552 en
932 3488 1109 3570 le‘royant
1132 3487 1209 3572 qu'il
1233 3509 1347 3571 appar·
1363 3507 1383 3548 v

201 3591 283 3655 tient
316 3596 335 3655 a
365 3614 429 3656 une
460 3597 583 3678 epoque
615 3594 653 3658 de
685 3592 883 3679 decadence',
919 3593 1094 3678 prolixiore
1126 3593 1346 3679 disputatione

201 3697 403 3764 mausoleum
431 3698 594 3766 Glanense
626 3723 698 3766 cum
732 3723 808 3766 arcu
837 3701 1027 3786 triumphali
1055 3705 1224 3786 comparat
1250 3724 1362 3788 quem,

200 3805 348 3892 proximo
371 3807 463 3872 iuxta
485 3808 686 3874 mausoleum
707 3809 882 3875 intervallo
902 3813 1100 3875 exstructum
1119 3809 1264 3893 plerique
1282 3829 1347 3872 una

201 3935 274 3980 cum
301 3914 361 3979 illo
390 3919 633 3980 attrectarunt
659 3920 693 3980 et
719 3920 1014 4000 repraesentarunt.
1065 3915 1166 3992 Quem
1199 3937 1271 3979 oum
1304 3915 1345 3978 ab

201 4023 282 4086 artis
306 4022 471 4108 elegantia
492 4023 589 4107 longe
620 4023 779 4108 longeque
803 4027 969 4091 mausoleo
993 4023 1156 4108 praeferat
1178 4044 1250 4086 cum
1273 4020 1346 4086 Mil-

200 4127 278 4214 lino,
300 4128 473 4214 Labordio,
495 4129 623 4214 ceteris,
656 4134 765 4194 tamen
793 4131 945 4216 quoniam
972 4153 1013 4196 ne
1040 4130 1125 4195 hunc
1149 4129 1279 4214 quidem
1302 4128 1345 4194 M.

98 4277 105 4284 -
200 4235 326 4300 Aurelii
345 4236 481 4322 imperio
502 4237 716 4322 antiquiorem
737 4239 913 4303 arbitratur
932 4261 962 4322 p.
977 4238 1052 4321 306,
1075 4257 1272 4320 consequens
1296 4239 1346 4308 est

200 4347 237 4405 ut
260 4346 460 4410 mausoleum
484 4341 654 4409 Commodi
682 4345 734 4410 rel
758 4343 909 4428 Septimii
932 4343 1043 4410 Severi
1066 4344 1268 4426 temporibus
1291 4345 1346 4409 tri-

201 4448 292 4532 buat,
315 4473 448 4534 prorsus
471 4457 509 4516 ut
532 4455 606 4516 ante
630 4451 735 4516 visum
758 4455 828 4515 erat
851 4448 987 4516 Millino.
