3254 5090
486 434 770 486 oasnnvrmorns
793 435 1062 484 arronarmosa.
1281 422 1347 486 435

200 569 294 636 Halis
323 570 485 643 Saxonum
514 601 598 644 anno
625 580 710 645 1845
743 581 903 664 vulgavit:
940 580 997 645 ubi
1025 601 1042 643 e
1070 579 1217 662 pluribus
1250 602 1347 664 quam

200 678 323 746 duabus
347 683 469 748 tabulis
492 683 656 768 integram
680 686 785 770 legem
809 686 992 751 constitisse
1015 684 1147 770 negavit
1170 708 1199 771 p.
1222 687 1260 750 17
1284 685 1347 751 hoc

201 795 393 873 argumento
417 813 503 874 usus,
527 791 613 876 quod
632 793 740 876 plures
759 815 824 858 non
844 793 1055 858 admitterent
1072 793 1255 858 necessaria
1274 813 1346 875 sup-

199 895 364 977 plementa
387 897 510 961 exordii
538 897 643 962 tribus
667 899 814 963 versibus
842 899 955 982 primis
979 897 1210 982 comprehensi.
1256 897 1348 972 Quod

199 1004 237 1064 ut
259 1002 354 1085 quale
377 1006 464 1067 esset
485 1003 603 1068 rectius
627 1004 881 1090 existimaretur,
908 1005 971 1070 hoc
993 1005 1101 1088 ipsum
1124 1004 1289 1069 exordium
1313 1003 1347 1068 in
1479 1059 1485 1073 .

200 1105 327 1172 adiecta
350 1109 464 1174 tabula
485 1111 545 1175 sub
564 1111 596 1174 A
619 1111 685 1175 tale
708 1111 1022 1195 repraesentavimus
1047 1111 1142 1196 quale
1164 1132 1276 1175 revera
1299 1112 1348 1174 est

199 1213 233 1277 in
266 1235 339 1278 aere
370 1235 455 1279 nunc
487 1215 707 1300 Neapolitano
737 1218 840 1282 musei
874 1216 1062 1282 Borboniei:
1099 1216 1347 1302 haudquaquam

200 1321 287 1384 enirn
306 1321 340 1384 in
359 1321 566 1405 disponendis
586 1323 706 1388 litteris
725 1323 971 1409 litterarumque
986 1323 1111 1406 spatiis,
1134 1323 1216 1388 unde
1235 1323 1269 1388 in
1287 1322 1348 1388 bac

200 1449 315 1492 caussa
338 1427 490 1492 iudicium
514 1451 609 1495 omne
632 1431 759 1514 pendet,
782 1431 877 1496 fidem
897 1429 1065 1514 archetypi
1089 1429 1141 1493 vel
1155 1428 1259 1494 Aldus
1278 1427 1348 1492 Ma-

199 1533 311 1598 nutius
335 1533 487 1620 Ortbogr.
515 1541 575 1601 rat.
603 1559 632 1620 p.
652 1538 716 1602 407
737 1559 806 1622 sqq.
834 1537 886 1602 vel
911 1534 1051 1601 Smetius
1080 1534 1131 1599 vel
1162 1535 1221 1601 hos
1246 1535 1348 1599 secuti

201 1637 336 1724 Carolus
356 1640 510 1726 Sigonius
534 1643 573 1708 de
597 1649 663 1710 ant.
686 1645 755 1708 iure
773 1665 863 1728 prov.
882 1643 911 1726 Ι,
934 1643 974 1707 10
997 1642 1194 1725 Fulviusque
1209 1641 1347 1706 Vrsinus

200 1746 278 1812 Not.
302 1747 342 1812 ad
366 1749 427 1834 leg.
452 1753 485 1813 et
509 1749 539 1814 S.
564 1748 598 1815 Ο.
621 1751 688 1814 tab.
707 1750 770 1814 XV
794 1773 865 1815 cum
889 1751 1067 1814 editoribus
1089 1749 1273 1833 pedisequis
1298 1747 1349 1832 (ut

201 1851 339 1918 Grutero
363 1876 393 1937 p.
412 1853 478 1919 500
498 1854 559 1940 sq.)
588 1857 638 1920 vel
662 1857 756 1922 testis
785 1857 933 1922 oculatus
957 1854 1178 1940 Goettlingius
1202 1876 1347 1918 servave-

200 1963 286 2023 runt,
323 1959 469 2043 Apparet
492 1983 530 2026 er
554 1983 591 2026 eo
615 1963 761 2047 exemplo
784 1985 912 2028 versum
936 1962 1075 2046 primum
1096 1964 1191 2046 atque
1210 1961 1348 2025 alterum

200 2087 258 2148 per
281 2070 332 2130 tot
355 2071 435 2151 quot
457 2068 588 2134 fuerunt
610 2069 740 2135 tabulas
764 2069 977 2155 aequabiliter
995 2069 1134 2153 scriptos
1153 2067 1348 2152 pertinuisse

200 2173 242 2266 ab
270 2172 342 2256 ipso
370 2174 464 2240 initio
495 2175 535 2240 ad
564 2197 673 2241 earum
702 2177 808 2242 finem.
854 2175 963 2241 Habet
991 2180 1099 2240 autem
1128 2175 1211 2239 alter
1238 2196 1348 2239 versus

199 2280 328 2346 litteras
352 2285 477 2366 septem
499 2284 550 2350 vel
573 2287 646 2350 octo
671 2289 705 2348 et
728 2284 858 2370 viginti:
881 2283 944 2348 boc
962 2304 1095 2347 numero
1113 2286 1151 2345 ut
1170 2289 1226 2346 aut
1245 2281 1347 2364 dupli·
1361 2304 1397 2343 rx

199 2391 274 2451 cato
299 2391 356 2451 aut
378 2387 542 2472 triplicato
567 2393 623 2454 aut
646 2390 894 2474 quadruplicato
926 2411 1007 2472 opus
1031 2387 1075 2451 sit
1098 2387 1137 2451 ad
1161 2387 1348 2451 tabularum

199 2496 259 2557 aut
282 2493 418 2558 duarum
442 2499 499 2559 aut
520 2496 619 2561 trium
643 2500 700 2561 aut
723 2499 876 2581 quattuor
898 2515 1083 2559 mensuram
1106 2490 1347 2575 complendam:

198 2599 327 2683 quando
355 2621 420 2664 non
449 2602 600 2686 aequales
633 2602 718 2666 inter
746 2624 794 2680 se,
832 2600 887 2666 sed
920 2600 1010 2665 varia
1042 2598 1214 2663 latitudine
1245 2597 1347 2662 fuisse

197 2727 296 2771 nemo
320 2707 382 2770 erit
405 2707 459 2792 qui
484 2708 547 2773 sibi
570 2708 771 2792 persuadeat.
800 2705 871 2771 Iam
889 2728 965 2772 vero
991 2727 1073 2790 quas
1097 2705 1203 2770 media
1225 2704 1348 2769 fuerint

198 2814 284 2877 inter
316 2815 449 2878 alterius
481 2835 592 2879 versus
626 2836 738 2879 vocem
771 2818 948 2879 extremam
980 2809 1158 2876 PLEBEM
1191 2815 1223 2875 et
1254 2811 1347 2876 initio

197 2920 286 2984 tertii
317 2921 426 3004 posita
453 2919 647 2986 PREIMVS
663 2957 669 2970 ·
684 2919 827 2987 SGIVIT
854 2920 954 2984 verba
987 2919 1103 3004 quibus
1135 2917 1347 3002 praescriptio

198 3027 281 3111 legis
305 3027 550 3112 terminabatur,
573 3027 754 3094 certissimo
779 3027 897 3114 indicio
921 3030 1075 3091 constans
1098 3024 1131 3089 in
1150 3025 1211 3091 hoc
1231 3046 1347 3111 genere

198 3155 276 3198 usus
301 3138 350 3199 eat
373 3139 405 3200 st
428 3134 577 3218 legitima
600 3135 807 3200 cousuetudo.
848 3131 914 3198 Fac
936 3155 1035 3197 unum
1060 3131 1160 3195 fuisse
1179 3131 1233 3216 qui
1253 3152 1347 3217 roga-

198 3243 249 3304 ret
274 3241 380 3325 legem
409 3239 443 3306 0.
466 3241 683 3307 Fundanium:
718 3243 766 3306 ita
793 3241 934 3305 dubitari
966 3261 1031 3304 non
1059 3239 1183 3322 patitur
1215 3239 1347 3322 propria

197 3343 443 3438 plebiscitorum
466 3344 617 3431 formula,
640 3348 717 3432 quin
741 3346 886 3410 insecuta
909 3344 990 3410 haec
1013 3347 1091 3408 sint:
1118 3341 1345 3408 o-FVNDA-

198 3447 1191 3518 vase-r-m-raoass-PLEBEM·lacre
1224 3451 1348 3532 repascit

193 3555 350 3638 plebesque
377 3558 463 3620 iocre
489 3560 589 3624 sciuit.
635 3561 733 3626 tribus
760 3583 777 3620 e
804 3581 821 3620 a
844 3557 1039 3641 paeceptum
1065 3555 1135 3636 suit.
1175 3577 1236 3637 pro
1265 3557 1346 3620 tribu

198 3685 216 3722 a
239 3685 256 3722 a
280 3685 297 3722 a
320 3684 337 3723 e
360 3662 553 3729 PREIMVS
569 3700 575 3712 ·
591 3664 742 3732 SOIVIT.
786 3665 945 3749 Exemplo
969 3665 1064 3728 sunto
1089 3661 1139 3724 vel
1158 3660 1267 3744 Serpit
1289 3663 1345 3725 tri·

198 3767 260 3832 bus
284 3771 316 3831 et
339 3769 395 3852 qui
418 3791 477 3852 pro
501 3793 535 3835 ea
562 3771 685 3854 primus
709 3772 841 3837 sciverit
860 3770 977 3854 aliquis
999 3767 1033 3849 Q.
1047 3767 1168 3832 Fabius
1188 3767 1222 3847 Q.
1237 3768 1271 3847 f.,
1294 3767 1345 3830 vel

199 3873 226 3938 si
254 3873 362 3957 paullo
396 3875 545 3960 longiora
576 3878 708 3941 nomina
738 3899 886 3961 quaeres,
923 3898 996 3941 cum
1029 3873 1172 3940 Cornelio
1204 3873 1345 3938 sociatus

198 3980 287 4046 velut
317 3980 387 4047 See.
418 3982 604 4062 Qrcvinctilius
630 3983 698 4048 Sec.
724 3984 767 4064 fi:
800 3983 927 4048 litteras
959 4003 1044 4046 nuno
1078 3979 1261 4064 deperditas
1294 3980 1345 4044 vel

198 4085 335 4153 LXXIV
358 4087 495 4154 habebis
519 4088 570 4152 vel
593 4085 754 4152 LXXXV.
799 4087 888 4153 luter
911 4110 991 4172 quos
1014 4109 1167 4152 numeros
1191 4087 1344 4171 quoniam

198 4194 299 4260 ferme
322 4193 447 4260 medius
471 4198 521 4259 est
539 4193 609 4278 ipse
629 4193 866 4278 octogenarius,
889 4197 1064 4259 terentem
1085 4191 1201 4277 viginti
1221 4197 1344 4276 septem

198 4317 358 4366 summam
382 4304 523 4386 aequant
545 4299 640 4364 unius
671 4303 704 4364 et
728 4299 908 4383 octoginta,
941 4320 1138 4382 consequens
1167 4301 1275 4362 estut
1298 4299 1344 4364 in·

198 4411 310 4492 tegrae
338 4408 420 4493 legis
448 4429 514 4472 non
542 4405 709 4490 pauciores
740 4402 861 4468 fuerint
892 4425 988 4486 quam
1021 4395 1174 4488 quattuor
1206 4403 1345 4469 tabulae.

197 4513 289 4578 Neve
315 4514 387 4598 quis
415 4515 454 4578 de
484 4513 569 4578 notis
598 4513 719 4598 cogitet
747 4531 864 4597 quaru.
912 4531 973 4575 usu
1000 4509 1158 4595 quaedam
1186 4509 1345 4574 vocabula

1075 4616 1131 4667 28*
