<?xml version="1.0" encoding="UTF-8"?>
<!DOCTYPE html PUBLIC "-//W3C//DTD XHTML 1.0 Transitional//EN"
    "http://www.w3.org/TR/xhtml1/DTD/xhtml1-transitional.dtd">
<html xmlns="http://www.w3.org/1999/xhtml" xml:lang="en" lang="en">
 <head>
  <title>
</title>
<meta http-equiv="Content-Type" content="text/html;charset=utf-8" />
  <meta name='ocr-system' content='tesseract 3.04.00' />
  <meta name='ocr-capabilities' content='ocr_page ocr_carea ocr_par ocr_line ocrx_word'/>
</head>
<body>
  <div class='ocr_page' id='page_1' title='image "./fridericiritsch08wachgoog/fridericiritsch08wachgoog_0168.png"; bbox 0 0 3116 5066; ppageno 0'>
   <div class='ocr_carea' id='block_1_1' title="bbox 216 388 1246 454">
    <p class='ocr_par' dir='ltr' id='par_1_1' title="bbox 216 388 1246 454">
     <span class='ocr_line' id='line_1_1' title="bbox 216 388 1246 454; baseline 0 -2"><span class='ocrx_word' id='word_1_1' title='bbox 216 406 359 454; x_wconf 72' lang='lat' dir='ltr'><strong><em>vacuous</em></strong></span> <span class='ocrx_word' id='word_1_2' title='bbox 382 396 587 454; x_wconf 71' lang='lat' dir='ltr'><strong><em>anarrinon</em></strong></span> <span class='ocrx_word' id='word_1_3' title='bbox 612 407 657 454; x_wconf 80' lang='lat' dir='ltr'><strong><em>nn</em></strong></span> <span class='ocrx_word' id='word_1_4' title='bbox 682 407 712 453; x_wconf 82' lang='lat' dir='ltr'><strong><em>u.</em></strong></span> <span class='ocrx_word' id='word_1_5' title='bbox 732 405 852 454; x_wconf 79' lang='lat' dir='ltr'><strong><em>uoo1vs</em></strong></span> <span class='ocrx_word' id='word_1_6' title='bbox 877 405 1135 454; x_wconf 72' lang='lat' dir='ltr'><strong><em>uuuuufflcvs.</em></strong></span> <span class='ocrx_word' id='word_1_7' title='bbox 1183 388 1246 452; x_wconf 82' lang='lat'><strong><em>145</em></strong></span> 
     </span>
    </p>
   </div>
   <div class='ocr_carea' id='block_1_2' title="bbox 31 533 1284 4478">
    <p class='ocr_par' dir='ltr' id='par_1_2' title="bbox 31 533 1284 4478">
     <span class='ocr_line' id='line_1_2' title="bbox 134 533 1246 636; baseline 0.001 -25"><span class='ocrx_word' id='word_1_8' title='bbox 134 545 180 612; x_wconf 91' lang='lat' dir='ltr'><strong><em>hoc</em></strong></span> <span class='ocrx_word' id='word_1_9' title='bbox 195 549 284 614; x_wconf 85' lang='lat' dir='ltr'><strong><em>miuus</em></strong></span> <span class='ocrx_word' id='word_1_10' title='bbox 302 551 462 635; x_wconf 82' lang='lat' dir='ltr'><strong><em>perspicio</em></strong></span> <span class='ocrx_word' id='word_1_11' title='bbox 482 573 545 635; x_wconf 93' lang='lat' dir='ltr'><strong><em>quo</em></strong></span> <span class='ocrx_word' id='word_1_12' title='bbox 563 549 702 636; x_wconf 83' lang='lat' dir='ltr'><strong><em>planius,</em></strong></span> <span class='ocrx_word' id='word_1_13' title='bbox 724 571 790 616; x_wconf 89' lang='lat' dir='ltr'><strong><em>non</em></strong></span> <span class='ocrx_word' id='word_1_14' title='bbox 813 533 952 634; x_wconf 76' lang='lat' dir='ltr'><strong><em>probare</em></strong></span> <span class='ocrx_word' id='word_1_15' title='bbox 976 571 1010 614; x_wconf 85' lang='lat' dir='ltr'><strong><em>se</em></strong></span> <span class='ocrx_word' id='word_1_16' title='bbox 1030 549 1129 613; x_wconf 80' lang='lat' dir='ltr'><strong><em>telem</em></strong></span> <span class='ocrx_word' id='word_1_17' title='bbox 1148 549 1246 632; x_wconf 84' lang='lat' dir='ltr'><strong><em>scrip-</em></strong></span> 
     </span>
     <span class='ocr_line' id='line_1_3' title="bbox 133 656 1247 742; baseline 0.003 -25"><span class='ocrx_word' id='word_1_18' title='bbox 133 659 226 735; x_wconf 85' lang='lat' dir='ltr'><strong><em>turam,</em></strong></span> <span class='ocrx_word' id='word_1_19' title='bbox 261 657 491 742; x_wconf 84' lang='lat' dir='ltr'><strong><em>grammaticus</em></strong></span> <span class='ocrx_word' id='word_1_20' title='bbox 523 680 554 741; x_wconf 89' lang='lat' dir='ltr'><strong><em>p.</em></strong></span> <span class='ocrx_word' id='word_1_21' title='bbox 582 657 647 724; x_wconf 78' lang='lat'><strong><em>569</em></strong></span> <span class='ocrx_word' id='word_1_22' title='bbox 680 656 836 722; x_wconf 86' lang='lat' dir='ltr'><strong><em>ostendit:</em></strong></span> <span class='ocrx_word' id='word_1_23' title='bbox 867 657 954 738; x_wconf 64' lang='lat' dir='ltr'><strong><em>annet</em></strong></span> <span class='ocrx_word' id='word_1_24' title='bbox 982 657 1114 721; x_wconf 89' lang='lat' dir='ltr'><strong><em>Latinos</em></strong></span> <span class='ocrx_word' id='word_1_25' title='bbox 1146 660 1247 720; x_wconf 86' lang='lat' dir='ltr'><strong><em>tamen</em></strong></span> 
     </span>
     <span class='ocr_line' id='line_1_4' title="bbox 131 763 1245 848; baseline 0.003 -23"><span class='ocrx_word' id='word_1_26' title='bbox 131 767 239 826; x_wconf 68' lang='lat' dir='ltr'><strong><em>neuin</em></strong></span> <span class='ocrx_word' id='word_1_27' title='bbox 258 786 293 847; x_wconf 80' lang='lat' dir='ltr'><strong><em>n,</em></strong></span> <span class='ocrx_word' id='word_1_28' title='bbox 321 770 357 828; x_wconf 86' lang='lat' dir='ltr'><strong><em>ut</em></strong></span> <span class='ocrx_word' id='word_1_29' title='bbox 383 765 538 848; x_wconf 73' lang='lat' dir='ltr'><strong><em>anyelus</em></strong></span> <span class='ocrx_word' id='word_1_30' title='bbox 564 765 757 847; x_wconf 74' lang='lat' dir='ltr'><strong><em>Lonyinns</em></strong></span> <span class='ocrx_word' id='word_1_31' title='bbox 779 763 966 830; x_wconf 76' lang='lat' dir='ltr'><strong><em>Anchises.</em></strong></span> <span class='ocrx_word' id='word_1_32' title='bbox 1009 763 1114 840; x_wconf 82' lang='lat' dir='ltr'><strong>Quare</strong></span> <span class='ocrx_word' id='word_1_33' title='bbox 1138 763 1245 828; x_wconf 85' lang='lat' dir='ltr'><strong><em>videu-</em></strong></span> 
     </span>
     <span class='ocr_line' id='line_1_5' title="bbox 132 867 1246 954; baseline 0.004 -25"><span class='ocrx_word' id='word_1_34' title='bbox 132 867 188 931; x_wconf 86' lang='lat' dir='ltr'><strong><em>dun</em></strong></span> <span class='ocrx_word' id='word_1_35' title='bbox 210 891 244 934; x_wconf 87' lang='lat' dir='ltr'><strong><em>ne</em></strong></span> <span class='ocrx_word' id='word_1_36' title='bbox 267 871 437 953; x_wconf 67' lang='lat' dir='ltr'><strong><em>tintenias</em></strong></span> <span class='ocrx_word' id='word_1_37' title='bbox 464 891 558 937; x_wconf 76' lang='lat' dir='ltr'><strong><em>casua</em></strong></span> <span class='ocrx_word' id='word_1_38' title='bbox 579 891 686 954; x_wconf 77' lang='lat' dir='ltr'><strong><em>nempe</em></strong></span> <span class='ocrx_word' id='word_1_39' title='bbox 707 871 762 935; x_wconf 83' lang='lat' dir='ltr'><strong><em>hoe</em></strong></span> <span class='ocrx_word' id='word_1_40' title='bbox 782 871 928 952; x_wconf 75' lang='lat' dir='ltr'><strong><em>facientes</em></strong></span> <span class='ocrx_word' id='word_1_41' title='bbox 958 871 1132 954; x_wconf 83' lang='lat' dir='ltr'><strong><em>scripserit.</em></strong></span> <span class='ocrx_word' id='word_1_42' title='bbox 1178 869 1246 934; x_wconf 90' lang='lat' dir='ltr'><strong><em>Nec</em></strong></span> 
     </span>
     <span class='ocr_line' id='line_1_6' title="bbox 130 975 1244 1064; baseline 0.003 -27"><span class='ocrx_word' id='word_1_43' title='bbox 130 975 252 1055; x_wconf 76' lang='lat' dir='ltr'><strong><em>probasse</em></strong></span> <span class='ocrx_word' id='word_1_44' title='bbox 264 977 417 1063; x_wconf 83' lang='lat' dir='ltr'><strong><em>Nigidius</em></strong></span> <span class='ocrx_word' id='word_1_45' title='bbox 434 976 568 1064; x_wconf 83' lang='lat' dir='ltr'>Figulus</span> <span class='ocrx_word' id='word_1_46' title='bbox 589 977 723 1061; x_wconf 82' lang='lat' dir='ltr'><strong><em>videtur,</em></strong></span> <span class='ocrx_word' id='word_1_47' title='bbox 747 999 764 1042; x_wconf 92' lang='lat' dir='ltr'><strong><em>c</em></strong></span> <span class='ocrx_word' id='word_1_48' title='bbox 787 978 878 1042; x_wconf 84' lang='lat' dir='ltr'><strong><em>cuius</em></strong></span> <span class='ocrx_word' id='word_1_49' title='bbox 901 975 1140 1042; x_wconf 86' lang='lat' dir='ltr'><strong><em>commentariis</em></strong></span> <span class='ocrx_word' id='word_1_50' title='bbox 1164 975 1244 1041; x_wconf 81' lang='lat' dir='ltr'><strong><em>baec</em></strong></span> 
     </span>
     <span class='ocr_line' id='line_1_7' title="bbox 130 1078 1243 1184; baseline 0.005 -42"><span class='ocrx_word' id='word_1_51' title='bbox 130 1078 228 1148; x_wconf 81' lang='lat' dir='ltr'>Gellius</span> <span class='ocrx_word' id='word_1_52' title='bbox 247 1083 334 1165; x_wconf 87' lang='lat' dir='ltr'>XIX,</span> <span class='ocrx_word' id='word_1_53' title='bbox 361 1086 402 1150; x_wconf 86' lang='lat'><strong><em>14</em></strong></span> <span class='ocrx_word' id='word_1_54' title='bbox 430 1085 603 1168; x_wconf 84' lang='lat' dir='ltr'><strong><em>excerpsit:</em></strong></span> <span class='ocrx_word' id='word_1_55' title='bbox 631 1085 712 1149; x_wconf 88' lang='lat' dir='ltr'><strong><em>inter</em></strong></span> <span class='ocrx_word' id='word_1_56' title='bbox 738 1084 861 1184; x_wconf 69' lang='lat' dir='ltr'><strong><em>literam</em></strong></span> <span class='ocrx_word' id='word_1_57' title='bbox 883 1105 905 1148; x_wconf 89' lang='lat' dir='ltr'><strong><em>n</em></strong></span> <span class='ocrx_word' id='word_1_58' title='bbox 927 1088 957 1148; x_wconf 88' lang='lat' dir='ltr'><strong><em>ct</em></strong></span> <span class='ocrx_word' id='word_1_59' title='bbox 979 1104 1001 1168; x_wconf 87' lang='lat' dir='ltr'>g</span> <span class='ocrx_word' id='word_1_60' title='bbox 1028 1089 1071 1148; x_wconf 92' lang='lat' dir='ltr'><strong><em>cst</em></strong></span> <span class='ocrx_word' id='word_1_61' title='bbox 1096 1083 1164 1147; x_wconf 86' lang='lat' dir='ltr'><strong><em>alia</em></strong></span> <span class='ocrx_word' id='word_1_62' title='bbox 1185 1085 1243 1166; x_wconf 85' lang='lat' dir='ltr'><strong><em>nis,</em></strong></span> 
     </span>
     <span class='ocr_line' id='line_1_8' title="bbox 128 1190 1243 1282; baseline 0.004 -34"><span class='ocrx_word' id='word_1_63' title='bbox 128 1191 155 1249; x_wconf 89' lang='lat' dir='ltr'><strong><em>ut</em></strong></span> <span class='ocrx_word' id='word_1_64' title='bbox 171 1190 199 1252; x_wconf 86' lang='lat' dir='ltr'><strong><em>in</em></strong></span> <span class='ocrx_word' id='word_1_65' title='bbox 216 1193 331 1257; x_wconf 75' lang='lat' dir='ltr'><strong><em>marine</em></strong></span> <span class='ocrx_word' id='word_1_66' title='bbox 359 1193 495 1276; x_wconf 70' lang='lat' dir='ltr'><strong><em>anonis</em></strong></span> <span class='ocrx_word' id='word_1_67' title='bbox 521 1196 550 1256; x_wconf 88' lang='lat' dir='ltr'><strong><em>et</em></strong></span> <span class='ocrx_word' id='word_1_68' title='bbox 571 1192 708 1274; x_wconf 74' lang='lat' dir='ltr'><strong><em>anyari</em></strong></span> <span class='ocrx_word' id='word_1_69' title='bbox 734 1196 763 1256; x_wconf 89' lang='lat' dir='ltr'><strong><em>ct</em></strong></span> <span class='ocrx_word' id='word_1_70' title='bbox 789 1211 945 1282; x_wconf 82' lang='lat' dir='ltr'><strong><em>ancorae</em></strong></span> <span class='ocrx_word' id='word_1_71' title='bbox 971 1195 1000 1254; x_wconf 87' lang='lat' dir='ltr'><strong><em>et</em></strong></span> <span class='ocrx_word' id='word_1_72' title='bbox 1020 1191 1190 1272; x_wconf 75' lang='lat' dir='ltr'><strong><em>increpat</em></strong></span> <span class='ocrx_word' id='word_1_73' title='bbox 1216 1196 1243 1253; x_wconf 89' lang='lat' dir='ltr'><strong><em>et</em></strong></span> 
     </span>
     <span class='ocr_line' id='line_1_9' title="bbox 126 1295 1245 1382; baseline 0.005 -27"><span class='ocrx_word' id='word_1_74' title='bbox 126 1295 260 1362; x_wconf 75' lang='lat' dir='ltr'><strong><em>incurrit</em></strong></span> <span class='ocrx_word' id='word_1_75' title='bbox 280 1305 308 1363; x_wconf 90' lang='lat' dir='ltr'><strong><em>ct</em></strong></span> <span class='ocrx_word' id='word_1_76' title='bbox 328 1300 528 1382; x_wconf 75' lang='lat' dir='ltr'><strong><em>inycnuns:</em></strong></span> <span class='ocrx_word' id='word_1_77' title='bbox 551 1299 587 1362; x_wconf 88' lang='lat' dir='ltr'><strong><em>in</em></strong></span> <span class='ocrx_word' id='word_1_78' title='bbox 605 1297 745 1363; x_wconf 64' lang='lat' dir='ltr'><strong><em>omnibu</em></strong></span> <span class='ocrx_word' id='word_1_79' title='bbox 762 1299 844 1363; x_wconf 81' lang='lat' dir='ltr'><strong><em>enine</em></strong></span> <span class='ocrx_word' id='word_1_80' title='bbox 861 1297 911 1362; x_wconf 85' lang='lat' dir='ltr'><strong><em>bis</em></strong></span> <span class='ocrx_word' id='word_1_81' title='bbox 928 1319 990 1362; x_wconf 82' lang='lat' dir='ltr'><strong><em>nere</em></strong></span> <span class='ocrx_word' id='word_1_82' title='bbox 1007 1319 1116 1363; x_wconf 75' lang='lat' dir='ltr'><strong><em>tranem</em></strong></span> <span class='ocrx_word' id='word_1_83' title='bbox 1134 1319 1169 1380; x_wconf 89' lang='lat' dir='ltr'><strong><em>n,</em></strong></span> <span class='ocrx_word' id='word_1_84' title='bbox 1191 1297 1245 1362; x_wconf 84' lang='lat' dir='ltr'><strong><em>sed</em></strong></span> 
     </span>
     <span class='ocr_line' id='line_1_10' title="bbox 125 1401 1242 1488; baseline 0.004 -26"><span class='ocrx_word' id='word_1_85' title='bbox 125 1401 302 1470; x_wconf 80' lang='lat' dir='ltr'><strong><em>adulterinum</em></strong></span> <span class='ocrx_word' id='word_1_86' title='bbox 320 1406 461 1487; x_wconf 76' lang='lat' dir='ltr'><strong><em>penitere.</em></strong></span> <span class='ocrx_word' id='word_1_87' title='bbox 506 1405 654 1488; x_wconf 84' lang='lat' dir='ltr'><strong><em>Ascripai</em></strong></span> <span class='ocrx_word' id='word_1_88' title='bbox 681 1403 762 1470; x_wconf 89' lang='lat' dir='ltr'><strong><em>haec</em></strong></span> <span class='ocrx_word' id='word_1_89' title='bbox 792 1404 960 1470; x_wconf 78' lang='lat' dir='ltr'><strong><em>omniunt</em></strong></span> <span class='ocrx_word' id='word_1_90' title='bbox 987 1405 1129 1488; x_wconf 80' lang='lat' dir='ltr'><strong><em>apertior</em></strong></span> <span class='ocrx_word' id='word_1_91' title='bbox 1156 1407 1242 1468; x_wconf 87' lang='lat' dir='ltr'><strong><em>esset</em></strong></span> 
     </span>
     <span class='ocr_line' id='line_1_11' title="bbox 124 1505 1284 1596; baseline 0 -27"><span class='ocrx_word' id='word_1_92' title='bbox 124 1505 204 1572; x_wconf 78' lang='lat' dir='ltr'><strong><em>illarii</em></strong></span> <span class='ocrx_word' id='word_1_93' title='bbox 230 1510 387 1577; x_wconf 76' lang='lat' dir='ltr'><strong><em>Victorini</em></strong></span> <span class='ocrx_word' id='word_1_94' title='bbox 424 1513 458 1576; x_wconf 92' lang='lat' dir='ltr'><strong><em>in</em></strong></span> <span class='ocrx_word' id='word_1_95' title='bbox 495 1511 560 1577; x_wconf 87' lang='lat' dir='ltr'><strong><em>alio</em></strong></span> <span class='ocrx_word' id='word_1_96' title='bbox 593 1512 663 1577; x_wconf 89' lang='lat' dir='ltr'><strong><em>loco</em></strong></span> <span class='ocrx_word' id='word_1_97' title='bbox 697 1510 836 1596; x_wconf 87' lang='lat' dir='ltr'><strong><em>quodam</em></strong></span> <span class='ocrx_word' id='word_1_98' title='bbox 868 1511 1066 1594; x_wconf 79' lang='lat' dir='ltr'><strong>emendatio,</strong></span> <span class='ocrx_word' id='word_1_99' title='bbox 1104 1511 1159 1596; x_wconf 92' lang='lat' dir='ltr'><strong><em>qui</em></strong></span> <span class='ocrx_word' id='word_1_100' title='bbox 1192 1513 1243 1576; x_wconf 85' lang='lat' dir='ltr'><strong><em>est</em></strong></span> <span class='ocrx_word' id='word_1_101' title='bbox 1257 1531 1284 1570; x_wconf 73' lang='lat' dir='ltr'><strong><em>ae</em></strong></span> 
     </span>
     <span class='ocr_line' id='line_1_12' title="bbox 124 1613 1243 1700; baseline 0.004 -22"><span class='ocrx_word' id='word_1_102' title='bbox 124 1613 237 1695; x_wconf 70' lang='lat' dir='ltr'><strong><em>nnn</em></strong></span> <span class='ocrx_word' id='word_1_103' title='bbox 257 1617 290 1682; x_wconf 91' lang='lat' dir='ltr'><strong><em>P.</em></strong></span> <span class='ocrx_word' id='word_1_104' title='bbox 314 1619 355 1682; x_wconf 83' lang='lat'><strong><em>21</em></strong></span> <span class='ocrx_word' id='word_1_105' title='bbox 382 1616 433 1683; x_wconf 63' lang='lat' dir='ltr'><strong><em>Ge</em></strong></span> <span class='ocrx_word' id='word_1_106' title='bbox 461 1638 594 1700; x_wconf 82' lang='lat' dir='ltr'><strong><em>anceps</em></strong></span> <span class='ocrx_word' id='word_1_107' title='bbox 621 1619 765 1684; x_wconf 87' lang='lat' dir='ltr'><strong><em>ancilla</em></strong></span> <span class='ocrx_word' id='word_1_108' title='bbox 792 1619 936 1683; x_wconf 87' lang='lat' dir='ltr'><strong><em>ancilia</em></strong></span> <span class='ocrx_word' id='word_1_109' title='bbox 958 1623 1156 1700; x_wconf 68' lang='lat' dir='ltr'><strong><em>anacletum</em></strong></span> <span class='ocrx_word' id='word_1_110' title='bbox 1179 1640 1243 1682; x_wconf 87' lang='lat' dir='ltr'><strong><em>an·</em></strong></span> 
     </span>
     <span class='ocr_line' id='line_1_13' title="bbox 123 1721 1244 1810; baseline 0.006 -28"><span class='ocrx_word' id='word_1_111' title='bbox 123 1721 224 1800; x_wconf 75' lang='lat' dir='ltr'><strong><em>cecicit</em></strong></span> <span class='ocrx_word' id='word_1_112' title='bbox 244 1745 305 1789; x_wconf 88' lang='lat' dir='ltr'><strong><em>non</em></strong></span> <span class='ocrx_word' id='word_1_113' title='bbox 334 1727 436 1791; x_wconf 80' lang='lat' dir='ltr'><strong><em>indico</em></strong></span> <span class='ocrx_word' id='word_1_114' title='bbox 457 1747 516 1810; x_wconf 74' lang='lat' dir='ltr'><strong><em>per</em></strong></span> <span class='ocrx_word' id='word_1_115' title='bbox 537 1747 598 1804; x_wconf 86' lang='lat' dir='ltr'><strong><em>an,</em></strong></span> <span class='ocrx_word' id='word_1_116' title='bbox 625 1727 679 1791; x_wconf 79' lang='lat' dir='ltr'><strong><em>scri</em></strong></span> <span class='ocrx_word' id='word_1_117' title='bbox 706 1746 789 1790; x_wconf 15' lang='lat' dir='ltr'><strong><em>rasore</em></strong></span> <span class='ocrx_word' id='word_1_118' title='bbox 812 1725 1000 1790; x_wconf 85' lang='lat' dir='ltr'><strong><em>Graecarnnc</em></strong></span> <span class='ocrx_word' id='word_1_119' title='bbox 1022 1746 1080 1807; x_wconf 80' lang='lat' dir='ltr'><strong><em>per</em></strong></span> <span class='ocrx_word' id='word_1_120' title='bbox 1102 1745 1146 1807; x_wconf 71' lang='lat' dir='ltr'><strong><em>ay</em></strong></span> <span class='ocrx_word' id='word_1_121' title='bbox 1174 1727 1244 1790; x_wconf 88' lang='lat' dir='ltr'><strong><em>soli·</em></strong></span> 
     </span>
     <span class='ocr_line' id='line_1_14' title="bbox 123 1831 1243 1918; baseline 0.009 -30"><span class='ocrx_word' id='word_1_122' title='bbox 123 1831 283 1896; x_wconf 68' lang='lat' dir='ltr'><strong><em>incursanti.</em></strong></span> <span class='ocrx_word' id='word_1_123' title='bbox 312 1851 395 1897; x_wconf 87' lang='lat' dir='ltr'><strong><em>nnnc</em></strong></span> <span class='ocrx_word' id='word_1_124' title='bbox 417 1833 530 1897; x_wconf 79' lang='lat' dir='ltr'><strong><em>adiicio</em></strong></span> <span class='ocrx_word' id='word_1_125' title='bbox 553 1853 579 1896; x_wconf 90' lang='lat' dir='ltr'><strong><em>e.</em></strong></span> <span class='ocrx_word' id='word_1_126' title='bbox 598 1855 627 1918; x_wconf 93' lang='lat' dir='ltr'><strong><em>q.</em></strong></span> <span class='ocrx_word' id='word_1_127' title='bbox 647 1855 685 1916; x_wconf 75' lang='lat' dir='ltr'><strong><em>a,</em></strong></span> <span class='ocrx_word' id='word_1_128' title='bbox 708 1833 825 1918; x_wconf 83' lang='lat' dir='ltr'><strong><em>quibus</em></strong></span> <span class='ocrx_word' id='word_1_129' title='bbox 844 1833 878 1896; x_wconf 89' lang='lat' dir='ltr'><strong><em>iu</em></strong></span> <span class='ocrx_word' id='word_1_130' title='bbox 897 1832 960 1897; x_wconf 87' lang='lat' dir='ltr'><strong><em>fine</em></strong></span> <span class='ocrx_word' id='word_1_131' title='bbox 979 1832 1058 1898; x_wconf 89' lang='lat' dir='ltr'><strong><em>haec</em></strong></span> <span class='ocrx_word' id='word_1_132' title='bbox 1082 1832 1243 1898; x_wconf 86' lang='lat' dir='ltr'><strong><em>subiciun-</em></strong></span> 
     </span>
     <span class='ocr_line' id='line_1_15' title="bbox 123 1937 1244 2024; baseline 0.007 -29"><span class='ocrx_word' id='word_1_133' title='bbox 123 1937 178 1997; x_wconf 88' lang='lat' dir='ltr'><strong><em>tur:</em></strong></span> <span class='ocrx_word' id='word_1_134' title='bbox 196 1939 277 2024; x_wconf 84' lang='lat' dir='ltr'><strong><em>et(nt</em></strong></span> <span class='ocrx_word' id='word_1_135' title='bbox 291 1937 404 2024; x_wconf 79' lang='lat' dir='ltr'><strong><em>vulgo)</em></strong></span> <span class='ocrx_word' id='word_1_136' title='bbox 423 1959 556 2022; x_wconf 79' lang='lat' dir='ltr'><strong><em>anceps</em></strong></span> <span class='ocrx_word' id='word_1_137' title='bbox 578 1945 606 2004; x_wconf 91' lang='lat' dir='ltr'><strong><em>et</em></strong></span> <span class='ocrx_word' id='word_1_138' title='bbox 627 1940 771 2004; x_wconf 87' lang='lat' dir='ltr'><strong><em>ancilla</em></strong></span> <span class='ocrx_word' id='word_1_139' title='bbox 793 1945 822 2004; x_wconf 91' lang='lat' dir='ltr'><strong><em>ct</em></strong></span> <span class='ocrx_word' id='word_1_140' title='bbox 842 1941 982 2022; x_wconf 66' lang='lat' dir='ltr'><strong><em>uncina</em></strong></span> <span class='ocrx_word' id='word_1_141' title='bbox 1004 1944 1244 2022; x_wconf 70' lang='lat' dir='ltr'><strong><em>etenensium</em></strong></span> 
     </span>
     <span class='ocr_line' id='line_1_16' title="bbox 122 2043 1244 2132; baseline 0.006 -29"><span class='ocrx_word' id='word_1_142' title='bbox 122 2043 145 2100; x_wconf 86' lang='lat' dir='ltr'><strong><em>ct</em></strong></span> <span class='ocrx_word' id='word_1_143' title='bbox 166 2047 322 2126; x_wconf 81' lang='lat' dir='ltr'><strong><em>anquirit</em></strong></span> <span class='ocrx_word' id='word_1_144' title='bbox 347 2051 376 2110; x_wconf 88' lang='lat' dir='ltr'><strong><em>et</em></strong></span> <span class='ocrx_word' id='word_1_145' title='bbox 403 2066 543 2111; x_wconf 83' lang='lat' dir='ltr'><strong><em>ancara</em></strong></span> <span class='ocrx_word' id='word_1_146' title='bbox 571 2053 600 2111; x_wconf 92' lang='lat' dir='ltr'><strong><em>et</em></strong></span> <span class='ocrx_word' id='word_1_147' title='bbox 625 2048 743 2112; x_wconf 85' lang='lat' dir='ltr'><strong><em>similia</em></strong></span> <span class='ocrx_word' id='word_1_148' title='bbox 764 2067 823 2130; x_wconf 75' lang='lat' dir='ltr'><strong><em>per</em></strong></span> <span class='ocrx_word' id='word_1_149' title='bbox 844 2069 866 2110; x_wconf 93' lang='lat' dir='ltr'><strong><em>n</em></strong></span> <span class='ocrx_word' id='word_1_150' title='bbox 888 2047 995 2128; x_wconf 75' lang='lat' dir='ltr'><strong><em>potins</em></strong></span> <span class='ocrx_word' id='word_1_151' title='bbox 1021 2068 1115 2130; x_wconf 79' lang='lat' dir='ltr'><strong><em>quarn</em></strong></span> <span class='ocrx_word' id='word_1_152' title='bbox 1137 2069 1194 2130; x_wconf 79' lang='lat' dir='ltr'><strong><em>per</em></strong></span> <span class='ocrx_word' id='word_1_153' title='bbox 1222 2069 1244 2132; x_wconf 84' lang='lat' dir='ltr'>g</span> 
     </span>
     <span class='ocr_line' id='line_1_17' title="bbox 122 2148 1243 2237; baseline 0.006 -26"><span class='ocrx_word' id='word_1_154' title='bbox 122 2148 228 2216; x_wconf 76' lang='lat' dir='ltr'><strong><em>nuile.</em></strong></span> <span class='ocrx_word' id='word_1_155' title='bbox 269 2153 333 2218; x_wconf 89' lang='lat' dir='ltr'><strong><em>Pro</em></strong></span> <span class='ocrx_word' id='word_1_156' title='bbox 358 2173 396 2218; x_wconf 90' lang='lat' dir='ltr'><strong><em>ec</em></strong></span> <span class='ocrx_word' id='word_1_157' title='bbox 420 2152 504 2237; x_wconf 91' lang='lat' dir='ltr'><strong><em>quod</em></strong></span> <span class='ocrx_word' id='word_1_158' title='bbox 534 2153 576 2218; x_wconf 88' lang='lat' dir='ltr'><strong><em>ab</em></strong></span> <span class='ocrx_word' id='word_1_159' title='bbox 604 2153 698 2218; x_wconf 90' lang='lat' dir='ltr'><strong><em>initio</em></strong></span> <span class='ocrx_word' id='word_1_160' title='bbox 727 2157 777 2218; x_wconf 83' lang='lat' dir='ltr'><strong><em>est</em></strong></span> <span class='ocrx_word' id='word_1_161' title='bbox 803 2153 934 2237; x_wconf 82' lang='lat' dir='ltr'><strong><em>ancilia,</em></strong></span> <span class='ocrx_word' id='word_1_162' title='bbox 966 2154 1000 2218; x_wconf 90' lang='lat' dir='ltr'><strong><em>iu</em></strong></span> <span class='ocrx_word' id='word_1_163' title='bbox 1027 2155 1089 2218; x_wconf 90' lang='lat' dir='ltr'><strong><em>fine</em></strong></span> <span class='ocrx_word' id='word_1_164' title='bbox 1117 2155 1243 2236; x_wconf 65' lang='lat' dir='ltr'><strong><em>uncina,</em></strong></span> 
     </span>
     <span class='ocr_line' id='line_1_18' title="bbox 122 2250 1242 2346; baseline 0.011 -33"><span class='ocrx_word' id='word_1_165' title='bbox 122 2250 262 2323; x_wconf 83' lang='lat' dir='ltr'><strong><em>Parisinus</em></strong></span> <span class='ocrx_word' id='word_1_166' title='bbox 285 2259 386 2325; x_wconf 84' lang='lat' dir='ltr'><strong>codex</strong></span> <span class='ocrx_word' id='word_1_167' title='bbox 405 2259 455 2322; x_wconf 87' lang='lat' dir='ltr'><strong><em>bis</em></strong></span> <span class='ocrx_word' id='word_1_168' title='bbox 475 2259 607 2324; x_wconf 79' lang='lat' dir='ltr'><strong>exhibet</strong></span> <span class='ocrx_word' id='word_1_169' title='bbox 624 2260 761 2343; x_wconf 66' lang='lat' dir='ltr'><strong><em>anqitia:</em></strong></span> <span class='ocrx_word' id='word_1_170' title='bbox 784 2260 951 2346; x_wconf 85' lang='lat' dir='ltr'><strong><em>quodnisi</em></strong></span> <span class='ocrx_word' id='word_1_171' title='bbox 971 2260 1055 2325; x_wconf 87' lang='lat' dir='ltr'><strong><em>forte</em></strong></span> <span class='ocrx_word' id='word_1_172' title='bbox 1075 2260 1114 2324; x_wconf 89' lang='lat' dir='ltr'><strong><em>ad</em></strong></span> <span class='ocrx_word' id='word_1_173' title='bbox 1129 2262 1242 2326; x_wconf 85' lang='lat' dir='ltr'><strong><em>Aenei-</em></strong></span> 
     </span>
     <span class='ocr_line' id='line_1_19' title="bbox 123 2357 1243 2454; baseline 0.006 -30"><span class='ocrx_word' id='word_1_174' title='bbox 123 2357 168 2423; x_wconf 85' lang='lat' dir='ltr'><strong><em>dos</em></strong></span> <span class='ocrx_word' id='word_1_175' title='bbox 187 2383 305 2454; x_wconf 82' lang='lat' dir='ltr'><strong><em>vcrcum</em></strong></span> <span class='ocrx_word' id='word_1_176' title='bbox 329 2364 402 2448; x_wconf 80' lang='lat' dir='ltr'><strong><em>Vll,</em></strong></span> <span class='ocrx_word' id='word_1_177' title='bbox 427 2365 491 2430; x_wconf 77' lang='lat'><strong><em>759</em></strong></span> <span class='ocrx_word' id='word_1_178' title='bbox 515 2369 641 2450; x_wconf 88' lang='lat' dir='ltr'><strong><em>spectat</em></strong></span> <span class='ocrx_word' id='word_1_179' title='bbox 669 2364 811 2453; x_wconf 82' lang='lat' dir='ltr'><strong><em>(quando</em></strong></span> <span class='ocrx_word' id='word_1_180' title='bbox 841 2366 881 2430; x_wconf 89' lang='lat' dir='ltr'><strong><em>ad</em></strong></span> <span class='ocrx_word' id='word_1_181' title='bbox 905 2365 1087 2450; x_wconf 84' lang='lat' dir='ltr'><strong><em>Vergilium</em></strong></span> <span class='ocrx_word' id='word_1_182' title='bbox 1111 2368 1243 2449; x_wconf 87' lang='lat' dir='ltr'><strong><em>potissi-</em></strong></span> 
     </span>
     <span class='ocr_line' id='line_1_20' title="bbox 123 2471 1243 2558; baseline 0.004 -26"><span class='ocrx_word' id='word_1_183' title='bbox 123 2486 194 2532; x_wconf 81' lang='lat' dir='ltr'><strong><em>mum</em></strong></span> <span class='ocrx_word' id='word_1_184' title='bbox 222 2495 345 2538; x_wconf 87' lang='lat' dir='ltr'><strong><em>omnem</em></strong></span> <span class='ocrx_word' id='word_1_185' title='bbox 376 2471 539 2556; x_wconf 86' lang='lat' dir='ltr'><strong><em>applicare</em></strong></span> <span class='ocrx_word' id='word_1_186' title='bbox 572 2472 753 2538; x_wconf 88' lang='lat' dir='ltr'><strong><em>doctrinam</em></strong></span> <span class='ocrx_word' id='word_1_187' title='bbox 787 2495 879 2538; x_wconf 88' lang='lat' dir='ltr'><strong><em>suam</em></strong></span> <span class='ocrx_word' id='word_1_188' title='bbox 911 2473 1006 2537; x_wconf 87' lang='lat' dir='ltr'><strong><em>latini</em></strong></span> <span class='ocrx_word' id='word_1_189' title='bbox 1038 2474 1243 2558; x_wconf 82' lang='lat' dir='ltr'><strong><em>grammatici</em></strong></span> 
     </span>
     <span class='ocr_line' id='line_1_21' title="bbox 123 2576 1242 2666; baseline 0.01 -33"><span class='ocrx_word' id='word_1_190' title='bbox 123 2576 353 2666; x_wconf 80' lang='lat' dir='ltr'><strong><em>consueverunt),</em></strong></span> <span class='ocrx_word' id='word_1_191' title='bbox 376 2579 463 2663; x_wconf 90' lang='lat' dir='ltr'><strong><em>quod</em></strong></span> <span class='ocrx_word' id='word_1_192' title='bbox 485 2579 591 2645; x_wconf 87' lang='lat' dir='ltr'><strong><em>babeo</em></strong></span> <span class='ocrx_word' id='word_1_193' title='bbox 613 2583 724 2645; x_wconf 85' lang='lat' dir='ltr'><strong><em>tamen</em></strong></span> <span class='ocrx_word' id='word_1_194' title='bbox 744 2601 800 2643; x_wconf 93' lang='lat' dir='ltr'><strong><em>cur</em></strong></span> <span class='ocrx_word' id='word_1_195' title='bbox 819 2577 1015 2662; x_wconf 75' lang='lat' dir='ltr'><strong><em>addubitem,</em></strong></span> <span class='ocrx_word' id='word_1_196' title='bbox 1039 2579 1242 2644; x_wconf 86' lang='lat' dir='ltr'><strong><em>scribendum</em></strong></span> 
     </span>
     <span class='ocr_line' id='line_1_22' title="bbox 31 2685 1244 2772; baseline 0.008 -33"><span class='ocrx_word' id='word_1_197' title='bbox 31 2695 32 2702; x_wconf 52' lang='lat'>¹</span> <span class='ocrx_word' id='word_1_198' title='bbox 122 2697 178 2743; x_wconf 79' lang='lat' dir='ltr'><strong><em>esse</em></strong></span> <span class='ocrx_word' id='word_1_199' title='bbox 201 2689 330 2772; x_wconf 87' lang='lat' dir='ltr'><strong><em>utroque</em></strong></span> <span class='ocrx_word' id='word_1_200' title='bbox 358 2688 431 2753; x_wconf 90' lang='lat' dir='ltr'><strong><em>loco</em></strong></span> <span class='ocrx_word' id='word_1_201' title='bbox 459 2688 577 2770; x_wconf 64' lang='lat' dir='ltr'><strong><em>uncina</em></strong></span> <span class='ocrx_word' id='word_1_202' title='bbox 604 2688 738 2752; x_wconf 88' lang='lat' dir='ltr'><strong><em>videtur.</em></strong></span> <span class='ocrx_word' id='word_1_203' title='bbox 785 2685 957 2750; x_wconf 85' lang='lat' dir='ltr'><strong><em>Praeterea</em></strong></span> <span class='ocrx_word' id='word_1_204' title='bbox 986 2685 1092 2767; x_wconf 88' lang='lat' dir='ltr'><strong><em>priore</em></strong></span> <span class='ocrx_word' id='word_1_205' title='bbox 1116 2685 1187 2749; x_wconf 88' lang='lat' dir='ltr'><strong><em>loco</em></strong></span> <span class='ocrx_word' id='word_1_206' title='bbox 1212 2691 1244 2749; x_wconf 91' lang='lat' dir='ltr'><strong><em>et</em></strong></span> 
     </span>
     <span class='ocr_line' id='line_1_23' title="bbox 122 2791 1242 2878; baseline 0.005 -28"><span class='ocrx_word' id='word_1_207' title='bbox 122 2803 215 2852; x_wconf 75' lang='lat' dir='ltr'><strong><em>durna</em></strong></span> <span class='ocrx_word' id='word_1_208' title='bbox 235 2792 399 2859; x_wconf 76' lang='lat' dir='ltr'><strong><em>intercidit</em></strong></span> <span class='ocrx_word' id='word_1_209' title='bbox 421 2799 496 2878; x_wconf 84' lang='lat' dir='ltr'><strong><em>post</em></strong></span> <span class='ocrx_word' id='word_1_210' title='bbox 518 2795 660 2876; x_wconf 69' lang='lat' dir='ltr'><strong><em>anereirit</em></strong></span> <span class='ocrx_word' id='word_1_211' title='bbox 689 2798 722 2859; x_wconf 90' lang='lat' dir='ltr'><strong><em>et</em></strong></span> <span class='ocrx_word' id='word_1_212' title='bbox 745 2791 864 2858; x_wconf 85' lang='lat' dir='ltr'><strong><em>ibidem</em></strong></span> <span class='ocrx_word' id='word_1_213' title='bbox 888 2791 923 2855; x_wconf 91' lang='lat' dir='ltr'><strong><em>in</em></strong></span> <span class='ocrx_word' id='word_1_214' title='bbox 946 2793 1166 2856; x_wconf 82' lang='lat' dir='ltr'><strong><em>transversum</em></strong></span> <span class='ocrx_word' id='word_1_215' title='bbox 1191 2791 1242 2856; x_wconf 90' lang='lat' dir='ltr'><strong><em>de-</em></strong></span> 
     </span>
     <span class='ocr_line' id='line_1_24' title="bbox 122 2893 1243 2986; baseline 0.009 -32"><span class='ocrx_word' id='word_1_216' title='bbox 122 2893 191 2958; x_wconf 82' lang='lat' dir='ltr'><strong><em>torta</em></strong></span> <span class='ocrx_word' id='word_1_217' title='bbox 215 2904 260 2962; x_wconf 84' lang='lat' dir='ltr'><strong><em>est</em></strong></span> <span class='ocrx_word' id='word_1_218' title='bbox 286 2923 378 2966; x_wconf 83' lang='lat' dir='ltr'><strong><em>mens</em></strong></span> <span class='ocrx_word' id='word_1_219' title='bbox 407 2901 626 2986; x_wconf 82' lang='lat' dir='ltr'><strong><em>grammatici,</em></strong></span> <span class='ocrx_word' id='word_1_220' title='bbox 661 2901 780 2985; x_wconf 90' lang='lat' dir='ltr'><strong><em>quippe</em></strong></span> <span class='ocrx_word' id='word_1_221' title='bbox 809 2899 864 2984; x_wconf 91' lang='lat' dir='ltr'><strong><em>qui</em></strong></span> <span class='ocrx_word' id='word_1_222' title='bbox 890 2919 1095 2982; x_wconf 86' lang='lat' dir='ltr'><strong><em>nequaquam</em></strong></span> <span class='ocrx_word' id='word_1_223' title='bbox 1124 2899 1243 2965; x_wconf 85' lang='lat' dir='ltr'><strong><em>iudicet</em></strong></span> 
     </span>
     <span class='ocr_line' id='line_1_25' title="bbox 123 2993 1242 3090; baseline 0.004 -22"><span class='ocrx_word' id='word_1_224' title='bbox 123 2993 180 3064; x_wconf 72' lang='lat' dir='ltr'><strong><em>‘den</em></strong></span> <span class='ocrx_word' id='word_1_225' title='bbox 194 3025 245 3085; x_wconf 77' lang='lat' dir='ltr'><strong><em>per</em></strong></span> <span class='ocrx_word' id='word_1_226' title='bbox 266 3029 327 3087; x_wconf 85' lang='lat' dir='ltr'><strong><em>an,</em></strong></span> <span class='ocrx_word' id='word_1_227' title='bbox 349 3009 403 3074; x_wconf 86' lang='lat' dir='ltr'><strong><em>secl</em></strong></span> <span class='ocrx_word' id='word_1_228' title='bbox 419 3029 502 3072; x_wconf 84' lang='lat' dir='ltr'><strong><em>neore</em></strong></span> <span class='ocrx_word' id='word_1_229' title='bbox 517 3007 705 3073; x_wconf 72' lang='lat' dir='ltr'><strong><em>Graecumue</em></strong></span> <span class='ocrx_word' id='word_1_230' title='bbox 723 3029 781 3090; x_wconf 76' lang='lat' dir='ltr'><strong><em>per</em></strong></span> <span class='ocrx_word' id='word_1_231' title='bbox 800 3005 860 3090; x_wconf 69' lang='grc' dir='ltr'><strong><em>αρ’</em></strong></span> <span class='ocrx_word' id='word_1_232' title='bbox 880 3007 932 3072; x_wconf 89' lang='lat' dir='ltr'><strong><em>vel</em></strong></span> <span class='ocrx_word' id='word_1_233' title='bbox 952 3005 1155 3072; x_wconf 86' lang='lat' dir='ltr'><strong><em>scribendum</em></strong></span> <span class='ocrx_word' id='word_1_234' title='bbox 1173 3031 1242 3072; x_wconf 84' lang='lat' dir='ltr'><strong><em>csse</em></strong></span> 
     </span>
     <span class='ocr_line' id='line_1_26' title="bbox 122 3106 1241 3199; baseline 0.004 -25"><span class='ocrx_word' id='word_1_235' title='bbox 122 3106 160 3168; x_wconf 69' lang='lat' dir='ltr'><strong><em>vel</em></strong></span> <span class='ocrx_word' id='word_1_236' title='bbox 179 3114 268 3180; x_wconf 84' lang='lat' dir='ltr'><strong><em>scribi</em></strong></span> <span class='ocrx_word' id='word_1_237' title='bbox 291 3115 433 3181; x_wconf 89' lang='lat' dir='ltr'><strong><em>solitum.</em></strong></span> <span class='ocrx_word' id='word_1_238' title='bbox 469 3113 516 3179; x_wconf 87' lang='lat' dir='ltr'><strong><em>Vt</em></strong></span> <span class='ocrx_word' id='word_1_239' title='bbox 535 3114 646 3198; x_wconf 84' lang='lat' dir='ltr'><strong><em>paucis</em></strong></span> <span class='ocrx_word' id='word_1_240' title='bbox 667 3115 872 3199; x_wconf 89' lang='lat' dir='ltr'><strong><em>complectar,</em></strong></span> <span class='ocrx_word' id='word_1_241' title='bbox 895 3135 998 3199; x_wconf 82' lang='lat' dir='ltr'><strong><em>upuge</em></strong></span> <span class='ocrx_word' id='word_1_242' title='bbox 1022 3112 1103 3178; x_wconf 86' lang='lat' dir='ltr'><strong><em>illud</em></strong></span> <span class='ocrx_word' id='word_1_243' title='bbox 1122 3115 1241 3199; x_wconf 83' lang='lat' dir='ltr'><strong><em>irupor·</em></strong></span> 
     </span>
     <span class='ocr_line' id='line_1_27' title="bbox 122 3215 1241 3306; baseline 0.005 -26"><span class='ocrx_word' id='word_1_244' title='bbox 122 3215 215 3282; x_wconf 77' lang='lat' dir='ltr'><strong><em>lunum</em></strong></span> <span class='ocrx_word' id='word_1_245' title='bbox 235 3222 342 3299; x_wconf 74' lang='lat' dir='ltr'><strong><em>iiidice,</em></strong></span> <span class='ocrx_word' id='word_1_246' title='bbox 366 3221 452 3305; x_wconf 90' lang='lat' dir='ltr'><strong><em>quod</em></strong></span> <span class='ocrx_word' id='word_1_247' title='bbox 477 3243 536 3286; x_wconf 89' lang='lat' dir='ltr'><strong><em>nec</em></strong></span> <span class='ocrx_word' id='word_1_248' title='bbox 559 3221 626 3286; x_wconf 91' lang='lat' dir='ltr'><strong><em>coit</em></strong></span> <span class='ocrx_word' id='word_1_249' title='bbox 649 3243 730 3285; x_wconf 85' lang='lat' dir='ltr'><strong><em>sana</em></strong></span> <span class='ocrx_word' id='word_1_250' title='bbox 753 3222 879 3286; x_wconf 88' lang='lat' dir='ltr'><strong><em>ratione</em></strong></span> <span class='ocrx_word' id='word_1_251' title='bbox 903 3243 975 3286; x_wconf 92' lang='lat' dir='ltr'><strong><em>cum</em></strong></span> <span class='ocrx_word' id='word_1_252' title='bbox 999 3243 1037 3286; x_wconf 90' lang='lat' dir='ltr'><strong><em>eo</em></strong></span> <span class='ocrx_word' id='word_1_253' title='bbox 1061 3223 1146 3306; x_wconf 90' lang='lat' dir='ltr'><strong><em>quod</em></strong></span> <span class='ocrx_word' id='word_1_254' title='bbox 1170 3243 1241 3286; x_wconf 89' lang='lat' dir='ltr'><strong><em>con-</em></strong></span> 
     </span>
     <span class='ocr_line' id='line_1_28' title="bbox 122 3323 1241 3412; baseline 0.007 -28"><span class='ocrx_word' id='word_1_255' title='bbox 122 3323 243 3402; x_wconf 76' lang='lat' dir='ltr'><strong><em>sequitur</em></strong></span> <span class='ocrx_word' id='word_1_256' title='bbox 269 3349 352 3393; x_wconf 83' lang='lat' dir='ltr'><strong><em>nunc</em></strong></span> <span class='ocrx_word' id='word_1_257' title='bbox 378 3328 504 3405; x_wconf 78' lang='lat' dir='ltr'><strong><em>adiicia,</em></strong></span> <span class='ocrx_word' id='word_1_258' title='bbox 537 3349 595 3393; x_wconf 88' lang='lat' dir='ltr'><strong><em>nec</em></strong></span> <span class='ocrx_word' id='word_1_259' title='bbox 625 3328 730 3412; x_wconf 83' lang='lat' dir='ltr'><strong><em>magis</em></strong></span> <span class='ocrx_word' id='word_1_260' title='bbox 759 3328 792 3392; x_wconf 91' lang='lat' dir='ltr'><strong><em>in</em></strong></span> <span class='ocrx_word' id='word_1_261' title='bbox 820 3327 968 3392; x_wconf 79' lang='lat' dir='ltr'><strong><em>Parisino</em></strong></span> <span class='ocrx_word' id='word_1_262' title='bbox 999 3328 1117 3412; x_wconf 83' lang='lat' dir='ltr'><strong><em>legitur</em></strong></span> <span class='ocrx_word' id='word_1_263' title='bbox 1145 3349 1241 3412; x_wconf 88' lang='lat' dir='ltr'><strong><em>quam</em></strong></span> 
     </span>
     <span class='ocr_line' id='line_1_29' title="bbox 121 3426 1241 3519; baseline 0.001 -22"><span class='ocrx_word' id='word_1_264' title='bbox 121 3426 205 3504; x_wconf 70' lang='lat' dir='ltr'><strong><em>serbi,</em></strong></span> <span class='ocrx_word' id='word_1_265' title='bbox 232 3433 285 3498; x_wconf 82' lang='lat' dir='ltr'><strong><em>sed</em></strong></span> <span class='ocrx_word' id='word_1_266' title='bbox 307 3435 427 3499; x_wconf 78' lang='lat' dir='ltr'><strong><em>indicat</em></strong></span> <span class='ocrx_word' id='word_1_267' title='bbox 449 3437 482 3498; x_wconf 88' lang='lat' dir='ltr'><strong><em>et</em></strong></span> <span class='ocrx_word' id='word_1_268' title='bbox 503 3433 637 3500; x_wconf 78' lang='lat' dir='ltr'><strong><em>scribon.</em></strong></span> <span class='ocrx_word' id='word_1_269' title='bbox 688 3433 777 3518; x_wconf 82' lang='lat' dir='ltr'><strong><em>Ergo</em></strong></span> <span class='ocrx_word' id='word_1_270' title='bbox 800 3433 961 3517; x_wconf 80' lang='lat' dir='ltr'><strong><em>dispectae</em></strong></span> <span class='ocrx_word' id='word_1_271' title='bbox 988 3435 1022 3498; x_wconf 85' lang='lat' dir='ltr'><strong><em>in</em></strong></span> <span class='ocrx_word' id='word_1_272' title='bbox 1050 3435 1099 3498; x_wconf 83' lang='lat' dir='ltr'><strong><em>dic</em></strong></span> <span class='ocrx_word' id='word_1_273' title='bbox 1120 3439 1155 3498; x_wconf 88' lang='lat' dir='ltr'><strong><em>ut</em></strong></span> <span class='ocrx_word' id='word_1_274' title='bbox 1177 3435 1241 3519; x_wconf 85' lang='lat' dir='ltr'><strong><em>syl-</em></strong></span> 
     </span>
     <span class='ocr_line' id='line_1_30' title="bbox 121 3523 1240 3632; baseline 0.017 -46"><span class='ocrx_word' id='word_1_275' title='bbox 121 3525 194 3597; x_wconf 87' lang='lat' dir='ltr'><strong><em>labus</em></strong></span> <span class='ocrx_word' id='word_1_276' title='bbox 214 3537 322 3604; x_wconf 83' lang='lat' dir='ltr'><strong><em>licebit</em></strong></span> <span class='ocrx_word' id='word_1_277' title='bbox 338 3541 372 3605; x_wconf 78' lang='lat' dir='ltr'><strong><em>ia</em></strong></span> <span class='ocrx_word' id='word_1_278' title='bbox 395 3523 451 3606; x_wconf 75' lang='lat' dir='ltr'><strong><em>clici</em></strong></span> <span class='ocrx_word' id='word_1_279' title='bbox 473 3541 582 3622; x_wconf 72' lang='lat' dir='ltr'><strong><em>atltici]</em></strong></span> <span class='ocrx_word' id='word_1_280' title='bbox 602 3541 818 3632; x_wconf 85' lang='lat' dir='ltr'><strong><em>interpretari,</em></strong></span> <span class='ocrx_word' id='word_1_281' title='bbox 837 3541 1016 3625; x_wconf 84' lang='lat' dir='ltr'><strong><em>misereque</em></strong></span> <span class='ocrx_word' id='word_1_282' title='bbox 1035 3541 1240 3607; x_wconf 87' lang='lat' dir='ltr'><strong><em>obscuratam</em></strong></span> 
     </span>
     <span class='ocr_line' id='line_1_31' title="bbox 121 3627 1240 3715; baseline 0.015 -20"><span class='ocrx_word' id='word_1_283' title='bbox 121 3627 258 3709; x_wconf 81' lang='lat' dir='ltr'><strong><em>Victorini</em></strong></span> <span class='ocrx_word' id='word_1_284' title='bbox 281 3647 472 3712; x_wconf 82' lang='lat' dir='ltr'><strong><em>memoriam</em></strong></span> <span class='ocrx_word' id='word_1_285' title='bbox 496 3669 625 3714; x_wconf 88' lang='lat' dir='ltr'><strong><em>omnem</em></strong></span> <span class='ocrx_word' id='word_1_286' title='bbox 653 3651 705 3712; x_wconf 85' lang='lat' dir='ltr'><strong><em>sat</em></strong></span> <span class='ocrx_word' id='word_1_287' title='bbox 728 3648 816 3713; x_wconf 84' lang='lat' dir='ltr'><strong><em>clara</em></strong></span> <span class='ocrx_word' id='word_1_288' title='bbox 839 3648 873 3713; x_wconf 91' lang='lat' dir='ltr'><strong><em>in</em></strong></span> <span class='ocrx_word' id='word_1_289' title='bbox 895 3649 966 3714; x_wconf 92' lang='lat' dir='ltr'><strong><em>luce</em></strong></span> <span class='ocrx_word' id='word_1_290' title='bbox 990 3650 1037 3714; x_wconf 82' lang='lat' dir='ltr'><strong><em>ita</em></strong></span> <span class='ocrx_word' id='word_1_291' title='bbox 1061 3651 1240 3715; x_wconf 82' lang='lat' dir='ltr'><strong><em>conlocare:</em></strong></span> 
     </span>
     <span class='ocr_line' id='line_1_32' title="bbox 120 3755 1241 3838; baseline 0.015 -36"><span class='ocrx_word' id='word_1_292' title='bbox 120 3755 230 3827; x_wconf 78' lang='lat' dir='ltr'><strong><em>anceps</em></strong></span> <span class='ocrx_word' id='word_1_293' title='bbox 251 3801 344 3820; x_wconf 90' lang='grc'><strong>.....</strong></span> <span class='ocrx_word' id='word_1_294' title='bbox 367 3755 539 3837; x_wconf 79' lang='lat' dir='ltr'><strong><em>anquirit</em></strong></span> <span class='ocrx_word' id='word_1_295' title='bbox 560 3776 698 3820; x_wconf 85' lang='lat' dir='ltr'><strong><em>ancora</em></strong></span> <span class='ocrx_word' id='word_1_296' title='bbox 720 3755 786 3820; x_wconf 80' lang='lat' dir='ltr'><strong><em>iane</em></strong></span> <span class='ocrx_word' id='word_1_297' title='bbox 803 3756 871 3820; x_wconf 78' lang='lat' dir='ltr'><strong><em>dini</em></strong></span> <span class='ocrx_word' id='word_1_298' title='bbox 884 3756 1007 3820; x_wconf 78' lang='lat' dir='ltr'><strong><em>Attiani</em></strong></span> <span class='ocrx_word' id='word_1_299' title='bbox 1025 3777 1088 3822; x_wconf 90' lang='lat' dir='ltr'><strong><em>non</em></strong></span> <span class='ocrx_word' id='word_1_300' title='bbox 1100 3777 1160 3838; x_wconf 79' lang='lat' dir='ltr'><strong><em>per</em></strong></span> <span class='ocrx_word' id='word_1_301' title='bbox 1181 3776 1241 3833; x_wconf 87' lang='lat' dir='ltr'><strong><em>on,</em></strong></span> 
     </span>
     <span class='ocr_line' id='line_1_33' title="bbox 120 3848 1243 3944; baseline 0.004 -24"><span class='ocrx_word' id='word_1_302' title='bbox 120 3848 162 3910; x_wconf 60' lang='lat' dir='ltr'><strong><em>ted</em></strong></span> <span class='ocrx_word' id='word_1_303' title='bbox 178 3872 252 3922; x_wconf 83' lang='lat' dir='ltr'><strong><em>more</em></strong></span> <span class='ocrx_word' id='word_1_304' title='bbox 266 3861 456 3926; x_wconf 67' lang='lat' dir='ltr'><strong><em>Graecanico</em></strong></span> <span class='ocrx_word' id='word_1_305' title='bbox 473 3883 532 3944; x_wconf 76' lang='lat' dir='ltr'><strong><em>per</em></strong></span> <span class='ocrx_word' id='word_1_306' title='bbox 553 3883 598 3944; x_wconf 76' lang='lat' dir='ltr'><strong><em>ey</em></strong></span> <span class='ocrx_word' id='word_1_307' title='bbox 619 3863 745 3928; x_wconf 84' lang='lat' dir='ltr'><strong><em>solitum</em></strong></span> <span class='ocrx_word' id='word_1_308' title='bbox 766 3861 910 3926; x_wconf 80' lang='lat' dir='ltr'><strong><em>seribere:</em></strong></span> <span class='ocrx_word' id='word_1_309' title='bbox 933 3883 1016 3927; x_wconf 78' lang='lat' dir='ltr'><strong><em>necne</em></strong></span> <span class='ocrx_word' id='word_1_310' title='bbox 1029 3864 1142 3940; x_wconf 76' lang='lat' dir='ltr'><strong><em>article,</em></strong></span> <span class='ocrx_word' id='word_1_311' title='bbox 1164 3863 1243 3926; x_wconf 75' lang='lat' dir='ltr'><strong><em>sinet</em></strong></span> 
     </span>
     <span class='ocr_line' id='line_1_34' title="bbox 121 3948 1242 4050; baseline 0.021 -42"><span class='ocrx_word' id='word_1_312' title='bbox 121 3948 184 4016; x_wconf 86' lang='lat' dir='ltr'><strong><em>inter</em></strong></span> <span class='ocrx_word' id='word_1_313' title='bbox 204 3983 232 4027; x_wconf 88' lang='lat' dir='ltr'>m</span> <span class='ocrx_word' id='word_1_314' title='bbox 254 3973 281 4032; x_wconf 92' lang='lat' dir='ltr'><strong><em>et</em></strong></span> <span class='ocrx_word' id='word_1_315' title='bbox 303 3990 324 4033; x_wconf 92' lang='lat' dir='ltr'><strong><em>n</em></strong></span> <span class='ocrx_word' id='word_1_316' title='bbox 348 3970 482 4034; x_wconf 77' lang='lat' dir='ltr'><strong><em>litterano</em></strong></span> <span class='ocrx_word' id='word_1_317' title='bbox 504 3991 567 4034; x_wconf 79' lang='lat' dir='ltr'><strong><em>reon</em></strong></span> <span class='ocrx_word' id='word_1_318' title='bbox 588 3970 689 4034; x_wconf 76' lang='lat' dir='ltr'><strong><em>acedia</em></strong></span> <span class='ocrx_word' id='word_1_319' title='bbox 712 3974 777 4034; x_wconf 79' lang='lat' dir='ltr'><strong><em>tane</em></strong></span> <span class='ocrx_word' id='word_1_320' title='bbox 796 3968 924 4035; x_wconf 79' lang='lat' dir='ltr'><strong><em>Graecis</em></strong></span> <span class='ocrx_word' id='word_1_321' title='bbox 946 3971 1023 4035; x_wconf 79' lang='lat' dir='ltr'><strong><em>desit</em></strong></span> <span class='ocrx_word' id='word_1_322' title='bbox 1039 3990 1134 4050; x_wconf 74' lang='lat' dir='ltr'><strong><em>quiana</em></strong></span> <span class='ocrx_word' id='word_1_323' title='bbox 1155 3969 1242 4033; x_wconf 87' lang='lat' dir='ltr'><strong><em>nobis</em></strong></span> 
     </span>
     <span class='ocr_line' id='line_1_35' title="bbox 121 4051 1241 4162; baseline 0.003 -27"><span class='ocrx_word' id='word_1_324' title='bbox 121 4051 161 4134; x_wconf 69' lang='lat' dir='ltr'><strong><em>(Ve</em></strong></span> <span class='ocrx_word' id='word_1_325' title='bbox 180 4085 236 4148; x_wconf 83' lang='lat' dir='ltr'><strong><em>qua</em></strong></span> <span class='ocrx_word' id='word_1_326' title='bbox 257 4096 291 4139; x_wconf 89' lang='lat' dir='ltr'><strong><em>re</em></strong></span> <span class='ocrx_word' id='word_1_327' title='bbox 315 4075 442 4141; x_wconf 84' lang='lat' dir='ltr'><strong><em>dixerat</em></strong></span> <span class='ocrx_word' id='word_1_328' title='bbox 465 4099 494 4161; x_wconf 92' lang='lat' dir='ltr'><strong><em>p.</em></strong></span> <span class='ocrx_word' id='word_1_329' title='bbox 515 4077 601 4141; x_wconf 81' lang='lat'>2462</span> <span class='ocrx_word' id='word_1_330' title='bbox 616 4097 664 4160; x_wconf 87' lang='lat' dir='ltr'><strong><em>sq.</em></strong></span> <span class='ocrx_word' id='word_1_331' title='bbox 686 4075 722 4140; x_wconf 94' lang='lat' dir='ltr'><strong><em>P.</em></strong></span> <span class='ocrx_word' id='word_1_332' title='bbox 745 4077 783 4141; x_wconf 77' lang='lat'><strong><em>17</em></strong></span> <span class='ocrx_word' id='word_1_333' title='bbox 800 4099 846 4160; x_wconf 83' lang='lat' dir='ltr'><strong><em>aq.</em></strong></span> <span class='ocrx_word' id='word_1_334' title='bbox 870 4073 930 4162; x_wconf 86' lang='lat' dir='ltr'>G.)‚</span> <span class='ocrx_word' id='word_1_335' title='bbox 954 4077 999 4138; x_wconf 88' lang='lat' dir='ltr'><strong><em>ita</em></strong></span> <span class='ocrx_word' id='word_1_336' title='bbox 1021 4076 1101 4140; x_wconf 80' lang='lat' dir='ltr'><strong><em>inter·</em></strong></span> <span class='ocrx_word' id='word_1_337' title='bbox 1123 4097 1145 4139; x_wconf 81' lang='grc' dir='ltr'><strong><em>ιι</em></strong></span> <span class='ocrx_word' id='word_1_338' title='bbox 1168 4097 1241 4157; x_wconf 73' lang='lat' dir='ltr'><strong><em>qure-</em></strong></span> 
     </span>
     <span class='ocr_line' id='line_1_36' title="bbox 120 4178 1242 4277; baseline 0.003 -33"><span class='ocrx_word' id='word_1_339' title='bbox 120 4179 164 4277; x_wconf 62' lang='lat' dir='ltr'><strong><em>&#39;lft</em></strong></span> <span class='ocrx_word' id='word_1_340' title='bbox 182 4178 207 4232; x_wconf 71' lang='lat' dir='ltr'><strong><em>tl</em></strong></span> <span class='ocrx_word' id='word_1_341' title='bbox 227 4197 247 4259; x_wconf 81' lang='lat' dir='ltr'><strong>g</strong></span> <span class='ocrx_word' id='word_1_342' title='bbox 268 4183 371 4247; x_wconf 80' lang='lat' dir='ltr'><strong><em>deesse.</em></strong></span> <span class='ocrx_word' id='word_1_343' title='bbox 407 4203 501 4265; x_wconf 73' lang='lat' dir='ltr'><strong><em>nequeo</em></strong></span> <span class='ocrx_word' id='word_1_344' title='bbox 523 4184 606 4246; x_wconf 83' lang='lat' dir='ltr'><strong><em>enine</em></strong></span> <span class='ocrx_word' id='word_1_345' title='bbox 623 4183 688 4263; x_wconf 86' lang='lat' dir='ltr'><strong><em>illi,</em></strong></span> <span class='ocrx_word' id='word_1_346' title='bbox 712 4181 852 4260; x_wconf 85' lang='grc' dir='ltr'>ἄγγελον</span> <span class='ocrx_word' id='word_1_347' title='bbox 870 4187 898 4246; x_wconf 88' lang='lat' dir='ltr'><strong><em>et</em></strong></span> <span class='ocrx_word' id='word_1_348' title='bbox 916 4181 1058 4260; x_wconf 86' lang='grc' dir='ltr'>ἀγκάλην</span> <span class='ocrx_word' id='word_1_349' title='bbox 1076 4187 1105 4246; x_wconf 91' lang='lat' dir='ltr'><strong><em>et</em></strong></span> <span class='ocrx_word' id='word_1_350' title='bbox 1123 4183 1242 4248; x_wconf 81' lang='lat' dir='ltr'><strong><em>sirrnlia</em></strong></span> 
     </span>
     <span class='ocr_line' id='line_1_37' title="bbox 120 4283 1241 4383; baseline -0.001 -27"><span class='ocrx_word' id='word_1_351' title='bbox 120 4283 172 4383; x_wconf 51' lang='grc' dir='ltr'><strong><em>ΨΘ</em></strong></span> <span class='ocrx_word' id='word_1_352' title='bbox 189 4297 243 4356; x_wconf 78' lang='lat' dir='ltr'><strong><em>per</em></strong></span> <span class='ocrx_word' id='word_1_353' title='bbox 263 4307 281 4349; x_wconf 91' lang='grc' dir='ltr'>ν</span> <span class='ocrx_word' id='word_1_354' title='bbox 307 4289 373 4352; x_wconf 76' lang='lat' dir='ltr'><strong><em>since</em></strong></span> <span class='ocrx_word' id='word_1_355' title='bbox 395 4310 452 4371; x_wconf 74' lang='lat' dir='ltr'><strong><em>per</em></strong></span> <span class='ocrx_word' id='word_1_356' title='bbox 474 4311 493 4366; x_wconf 86' lang='grc' dir='ltr'>γ</span> <span class='ocrx_word' id='word_1_357' title='bbox 516 4291 708 4371; x_wconf 76' lang='lat' dir='ltr'><strong><em>scripserint,</em></strong></span> <span class='ocrx_word' id='word_1_358' title='bbox 741 4289 924 4353; x_wconf 68' lang='lat' dir='ltr'><strong><em>alternorum</em></strong></span> <span class='ocrx_word' id='word_1_359' title='bbox 950 4288 984 4352; x_wconf 91' lang='lat' dir='ltr'><strong><em>in</em></strong></span> <span class='ocrx_word' id='word_1_360' title='bbox 1006 4290 1241 4370; x_wconf 51' lang='lat' dir='ltr'><strong><em>perentiendo</em></strong></span> 
     </span>
     <span class='ocr_line' id='line_1_38' title="bbox 120 4367 1241 4478; baseline 0.017 -35"><span class='ocrx_word' id='word_1_361' title='bbox 120 4367 233 4448; x_wconf 60' lang='lat' dir='ltr'><strong><em>ditmare</em></strong></span> <span class='ocrx_word' id='word_1_362' title='bbox 254 4397 441 4476; x_wconf 57' lang='lat' dir='ltr'><strong><em>cerninurnt,</em></strong></span> <span class='ocrx_word' id='word_1_363' title='bbox 464 4416 517 4460; x_wconf 85' lang='lat' dir='ltr'><strong><em>nec</em></strong></span> <span class='ocrx_word' id='word_1_364' title='bbox 538 4417 606 4478; x_wconf 79' lang='lat' dir='ltr'><strong><em>nec,</em></strong></span> <span class='ocrx_word' id='word_1_365' title='bbox 628 4416 724 4477; x_wconf 59' lang='lat' dir='ltr'><strong><em>sunna</em></strong></span> <span class='ocrx_word' id='word_1_366' title='bbox 739 4397 844 4459; x_wconf 74' lang='lat' dir='ltr'><strong><em>alietas</em></strong></span> <span class='ocrx_word' id='word_1_367' title='bbox 861 4414 947 4460; x_wconf 85' lang='lat' dir='ltr'><strong><em>neces</em></strong></span> <span class='ocrx_word' id='word_1_368' title='bbox 968 4395 1034 4458; x_wconf 76' lang='lat' dir='ltr'><strong><em>sirie</em></strong></span> <span class='ocrx_word' id='word_1_369' title='bbox 1051 4417 1109 4478; x_wconf 78' lang='lat' dir='ltr'><strong><em>per</em></strong></span> <span class='ocrx_word' id='word_1_370' title='bbox 1131 4419 1151 4460; x_wconf 90' lang='lat' dir='ltr'><strong><em>n</em></strong></span> <span class='ocrx_word' id='word_1_371' title='bbox 1175 4400 1241 4462; x_wconf 88' lang='lat' dir='ltr'><strong><em>sine</em></strong></span> 
     </span>
    </p>
   </div>
   <div class='ocr_carea' id='block_1_3' title="bbox 117 4495 1239 4662">
    <p class='ocr_par' dir='ltr' id='par_1_3' title="bbox 117 4495 1239 4662">
     <span class='ocr_line' id='line_1_39' title="bbox 117 4495 1239 4586; baseline -0.004 -16"><span class='ocrx_word' id='word_1_372' title='bbox 117 4495 162 4553; x_wconf 64' lang='lat' dir='ltr'><em>W</em></span> <span class='ocrx_word' id='word_1_373' title='bbox 181 4509 200 4570; x_wconf 76' lang='lat' dir='ltr'><strong><em>t</em></strong></span> <span class='ocrx_word' id='word_1_374' title='bbox 220 4501 393 4585; x_wconf 54' lang='lat' dir='ltr'><strong><em>eniens,</em></strong></span> <span class='ocrx_word' id='word_1_375' title='bbox 413 4505 538 4583; x_wconf 64' lang='lat' dir='ltr'><strong><em>prornic</em></strong></span> <span class='ocrx_word' id='word_1_376' title='bbox 565 4507 622 4566; x_wconf 74' lang='lat' dir='ltr'><strong><em>aret</em></strong></span> <span class='ocrx_word' id='word_1_377' title='bbox 642 4524 664 4566; x_wconf 92' lang='lat' dir='ltr'><strong><em>n</em></strong></span> <span class='ocrx_word' id='word_1_378' title='bbox 692 4501 894 4583; x_wconf 76' lang='lat' dir='ltr'><strong><em>ecpnnrenus</em></strong></span> <span class='ocrx_word' id='word_1_379' title='bbox 922 4503 958 4567; x_wconf 89' lang='lat' dir='ltr'><strong><em>in</em></strong></span> <span class='ocrx_word' id='word_1_380' title='bbox 985 4504 1110 4568; x_wconf 77' lang='lat' dir='ltr'><strong><em>dicende</em></strong></span> <span class='ocrx_word' id='word_1_381' title='bbox 1138 4509 1195 4568; x_wconf 88' lang='lat' dir='ltr'><strong><em>ant</em></strong></span> <span class='ocrx_word' id='word_1_382' title='bbox 1217 4524 1239 4586; x_wconf 86' lang='lat' dir='ltr'><strong>g</strong></span> 
     </span>
     <span class='ocr_line' id='line_1_40' title="bbox 163 4605 1036 4662; baseline 0.008 -8"><span class='ocrx_word' id='word_1_383' title='bbox 163 4605 354 4660; x_wconf 65' lang='lat' dir='ltr'><strong><em>⁸⁸·81rscneun</em></strong></span> <span class='ocrx_word' id='word_1_384' title='bbox 373 4625 505 4660; x_wconf 76' lang='lat' dir='ltr'><strong><em>oevscrua</em></strong></span> <span class='ocrx_word' id='word_1_385' title='bbox 525 4627 561 4662; x_wconf 70' lang='grc' dir='ltr'><strong><em>ιν.</em></strong></span> <span class='ocrx_word' id='word_1_386' title='bbox 1003 4614 1036 4662; x_wconf 88' lang='grc'><strong><em>10</em></strong></span> 
     </span>
    </p>
   </div>
   <div class='ocr_carea' id='block_1_4' title="bbox 0 0 1562 5066">
    <p class='ocr_par' dir='ltr' id='par_1_4' title="bbox 0 0 1562 5066">
     <span class='ocr_line' id='line_1_41' title="bbox 0 0 1562 5066; baseline 0 2"><span class='ocrx_word' id='word_1_387' title='bbox 0 0 1562 5066; x_wconf 95' lang='lat' dir='ltr'><strong><em> </em></strong></span> 
     </span>
    </p>
   </div>
  </div>
 </body>
</html>
