3282 5076
340 306 350 335 Ι

290 357 355 422 250
508 372 759 422 lurnouocrna
784 373 936 421 curruca
961 374 1223 422 ooaonnaarvn.

289 516 512 602 participium,
539 538 603 601 quo
626 538 759 601 prorsus
784 538 865 602 opus
893 521 942 582 est
970 517 1010 584 ad
1038 517 1246 584 construendi
1269 519 1438 584 rationem.

289 625 373 690 Vide
397 623 497 709 igitur
520 647 598 690 uum
621 624 807 710 probabiles
831 625 978 690 versiculi
1002 626 1048 692 sio
1072 625 1243 710 prodeant:

291 749 468 816 Abstulit
491 750 670 816 unadies
694 747 900 839 anima(m)‚
924 773 1141 838 corpusque
1165 751 1322 818 simitur

291 858 399 924 Arsit
422 861 460 923 et
481 857 520 922 in
540 857 690 925 cineres
708 858 812 925 iacet
829 857 891 924 hie
911 878 1059 924 uersam
1078 858 1201 943 adque
1220 858 1440 946 fauilla(m).

292 965 514 1050 Supremam
537 985 671 1029 munus
695 962 837 1031 misero
861 985 1024 1050 posuere
1049 965 1221 1032 sodales:

291 1090 407 1176 quibus
435 1090 541 1156 verbis
571 1089 657 1174 quod
686 1095 779 1156 extre
807 1111 935 1155 versum
963 1087 1250 1157 FORTVNESES
1283 1092 1440 1158 subicitur

290 1211 354 1263 uno
378 1201 539 1262 structura
562 1195 776 1280 grammatice
799 1195 1023 1261 continuatum
1045 1197 1275 1282 superioribus,
1297 1197 1440 1283 pertinet

290 1305 324 1369 id
348 1303 388 1368 ad
411 1303 493 1368 illud
516 1323 618 1388 genus
638 1303 723 1387 quod
742 1303 908 1389 tetigimus
928 1325 1043 1370 comm.
1062 1304 1101 1370 de
1119 1302 1175 1370 tit'
1188 1305 1322 1370 Momm.
1340 1329 1370 1390 p.
1389 1305 1439 1370 III

254 1458 259 1466 .
293 1414 405 1494 [supra
424 1433 454 1494 p.
469 1410 511 1476 85
527 1413 596 1496 sq.].
627 1409 776 1476 Ceterum
801 1411 957 1476 simitur
980 1411 1089 1492 forma
1108 1412 1166 1477 ille
1188 1435 1253 1478 non
1272 1412 1438 1478 immerito

291 1520 463 1602 quaeretur
489 1539 566 1582 num
594 1517 680 1583 forte
708 1539 749 1582 ne
774 1517 928 1584 aPlauto
956 1517 1086 1603 quidem
1110 1520 1216 1585 aliena
1240 1520 1293 1584 sit.
1335 1519 1437 1586 Cuius

291 1629 407 1710 poetae
434 1646 517 1690 unus
543 1624 750 1710 potissimum
783 1647 894 1690 versus
923 1629 988 1709 est,
1020 1626 1075 1710 qui
1102 1626 1161 1692 illa
1192 1631 1322 1712 recepta
1351 1627 1438 1692 haud

293 1729 446 1796 mediocri
466 1731 645 1797 offensione
664 1731 828 1797 liberetur.
859 1715 991 1798 Etenim
1005 1731 1225 1800 Mostellariae
1244 1757 1272 1799 v.
1289 1734 1351 1800 792
1367 1757 1440 1799 eum

235 1859 284 1900 x11
293 1861 351 1924 pro
380 1860 417 1904 eo
447 1837 532 1923 quod
560 1837 712 1904 eVetere
736 1837 858 1904 editum
881 1843 931 1904 est
955 1839 1087 1904 labante
1113 1844 1216 1906 metro
1239 1841 1333 1907 simul
1355 1840 1442 1907 bared

286 1947 389 2028 potat,
427 1944 679 2011 Ambrosianum
712 1967 857 2010 servasse
893 1946 1000 2012 cirrata
1030 1945 1094 2012 bau
1119 1949 1211 2030 potui
1247 1945 1299 2012 vir
1330 1947 1439 2012 dubiis

282 2051 439 2136 'vestigiis
469 2051 690 2136 intellegatur,
721 2055 832 2136 tamen
861 2052 930 2116 sani
957 2051 1033 2117 hinc
1060 2053 1225 2118 bacchiaoi
1257 2053 1340 2120 effici
1372 2077 1439 2118 non

292 2161 468 2242 potuerunt
495 2157 558 2222 nisi
587 2157 692 2224 forma
718 2159 848 2223 invecta
875 2159 1088 2226 dubitationis
1115 2160 1305 2246 plenissima
1326 2163 1440 2246 pretini.

295 2265 366 2342 Qua
388 2264 483 2332 facile
506 2287 589 2331 nunc
612 2265 658 2330 sic
681 2265 875 2330 carebimus:

426 2391 507 2477 Ego
532 2387 593 2456 hic
617 2412 701 2455 esse
725 2395 762 2456 et
784 2389 868 2456 illic
892 2388 1047 2456 simitur
1069 2391 1143 2457 bau
1166 2393 1293 2476 potui,

293 2516 422 2602 quando
454 2515 536 2581 nihil
569 2537 702 2582 caussae
735 2518 786 2581 est
817 2539 873 2582 cnr
908 2539 967 2602 pro
1002 2516 1093 2582 brevi
1123 2514 1282 2582 habeatur
1314 2517 1440 2584 ultima.

293 2625 405 2710 Itaque
430 2624 528 2691 etiam
556 2621 807 2708 Amphitruonis
830 2623 879 2709 ΙΙ,
906 2625 921 2688 l
952 2647 980 2689 v.
1005 2624 1047 2688 84
1071 2623 1104 2688 in
1132 2628 1287 2710 promptu
1315 2629 1366 2690 est
1392 2627 1441 2692 sic

293 2732 460 2798 consulere
484 2723 680 2818 elegantiae:

338 2857 423 2922 Νόιι
446 2877 515 2942 ego
539 2879 620 2921 eum
644 2855 734 2920 uino
758 2855 914 2920 simitur
937 2854 1043 2919 ebibi
1067 2855 1270 2939 imperium
1294 2858 1412 2942 tuum,

293 2980 487 3047 necessitate
510 2979 640 3064 quidem
663 2979 765 3062 nulla,
789 3001 898 3044 verum
922 3000 980 3063 per
1002 2983 1113 3046 temen
1135 2981 1311 3046 commode.

384 3264 414 3318 Ρ.
430 3263 479 3318 Vll
500 3263 597 3333 [supra
615 3281 642 3332 p.
662 3261 727 3332 244]
747 3261 776 3316 in
794 3261 878 3317 titulo
897 3261 928 3318 ¹1¹.
948 3259 1085 3316 Postumii
1105 3261 1243 3331 opertos
1262 3279 1375 3319 manes
1392 3283 1442 3320 ne·

296 3354 398 3410 minem
418 3352 509 3425 lugiet
528 3371 578 3408 nos
597 3369 645 3407 cos
663 3351 863 3422 interpretatos
882 3368 955 3419 esse,
981 3351 1028 3420 qui
1047 3350 1170 3422 neglecti
1193 3352 1375 3408 ettenorum
1394 3369 1440 3408 ex·

295 3445 388 3516 pertes
407 3463 463 3499 non
482 3443 574 3498 essent
591 3443 734 3512 tamquam
754 3443 852 3512 aperta
870 3440 898 3494 in
918 3441 980 3495 lucc
999 3440 1097 3510 positi,
1121 3440 1170 3495 sed
1193 3441 1342 3496 oblivionis
1363 3443 1440 3498 tene-

297 3533 352 3588 bris
371 3533 473 3589 obruti.
511 3531 613 3586 Verum
633 3549 695 3586 eum
714 3532 789 3601 apud
808 3530 916 3586 Livium
937 3530 1034 3598 XXXI,
1048 3535 1083 3584 30
1101 3530 1130 3584 in
1148 3529 1274 3586 oratione
1289 3531 1441 3587 Athenien·

297 3623 367 3678 sium
386 3621 437 3676 illa
455 3620 538 3692 plena
556 3619 673 3676 affectus
696 3619 766 3676 haec
785 3621 929 3692 legantur:
956 3619 1049 3674 annia
1070 3621 1196 3688 amalec
1218 3625 1443 3696 arcnumenthac

296 3713 393 3766 ‹lirutc
410 3726 465 3766 carc
483 3711 513 3763 ιἰι
527 3709 629 3777 finibus
642 3711 710 3780 suis,
728 3711 848 3765 manium
866 3709 1011 3764 nudatos
1029 3725 1152 3774 recrees,
1171 3709 1276 3764 nullius
1289 3725 1351 3764 oasa
1367 3715 1443 3764 arra

297 3802 362 3870 topi,
390 3799 439 3854 ubi
462 3799 581 3854 ammos
602 3815 694 3854 raaces
716 3800 834 3868 apparet
857 3797 899 3853 ita
922 3795 978 3852 dici
1001 3799 1033 3853 ut
1059 3797 1094 3852 de
1118 3797 1246 3852 manibus
1273 3798 1441 3854 nudatorum

296 3889 324 3946 h.
344 3907 367 3944 e.
392 3889 600 3944 inhumatorum
624 3888 771 3958 cogitetur,
798 3886 868 3942 nibil
891 3885 1027 3958 impedire
1050 3885 1160 3942 videtur
1182 3886 1331 3956 quominus
1353 3889 1443 3957 operti

296 3995 388 4035 nrarrca
406 3978 436 4034 in
455 3979 527 4032 hanc
545 3978 654 4046 partem
673 3975 856 4046 accipiantur,
874 3979 907 4030 ut
924 3973 980 4030 sint
998 3977 1157 4046 opertorum
1176 3975 1204 4029 h.
1218 3992 1241 4029 e.
1260 3977 1335 4030 terra
1353 3975 1441 4030 tecto·

298 4087 357 4122 rum
377 4067 592 4138 sepulturaeque
610 4065 672 4120 iura
689 4068 833 4121 unctorum
852 4081 956 4122 manea.
991 4063 1080 4130 Quam
1099 4064 1241 4120 notionem
1259 4063 1309 4120 ubi
1322 4065 1442 4132 tuemur,

297 4155 425 4228 graviore
448 4155 561 4226 quidem
585 4154 739 4210 mutatione
762 4155 838 4210 omni
856 4154 997 4212 abstinere
1020 4152 1130 4224 licebit,
1156 4155 1226 4210 baec
1248 4156 1281 4209 ut
1303 4153 1443 4210 sententia

298 4247 398 4318 poetae
421 4245 517 4300 suerit:
546 4245 599 4301 rite
623 4245 795 4316 sepultorum
815 4263 910 4302 manes
933 4245 961 4301 vi
985 4247 1015 4301 et
1032 4245 1173 4315 potestate
1196 4243 1292 4300 divina
1314 4243 1368 4297 frui
1391 4260 1443 4314 per

298 4351 379 4392 omne
397 4352 496 4392 aevum
514 4335 660 4391 duratura:

794 4439 937 4494 namque
957 4422 1087 4492 opertis
1105 4419 1258 4476 manibus

529 4503 656 4570 Diuina
674 4513 724 4570 nis
743 4515 795 4570 est
813 4511 987 4569 aeuitcrni
1005 4509 1183 4582 temporis:
