3246 5082
703 1275 799 1360 XII.

367 1445 420 1529 lle
447 1446 570 1531 titulo
597 1449 762 1563 metrico
789 1449 1137 1540 Lambaesitano.*)

268 1823 454 1910 Numquam
478 1824 594 1889 melius
617 1846 651 1889 se
671 1825 798 1911 poetari
818 1846 915 1910 quam
934 1823 1115 1910 podagrum
1134 1825 1162 1888 si
1177 1823 1369 1891 Rudinusrn

176 1936 270 1998 vates
294 1932 344 1996 vel
368 1931 501 2018 gloriari
525 1931 576 1996 rel
595 1931 695 1997 iocari
713 1933 829 2018 potuit,
853 1931 1020 1998 fatendum
1039 1936 1089 1995 est
1108 1930 1194 1996 haud
1212 1932 1324 2016 paullo

175 2039 430 2104 incommodiore
449 2037 637 2104 condicione
656 2037 862 2124 philologum
881 2039 929 2104 uti
948 2041 1117 2105 testudinea
1136 2025 1325 2108 tarditudioc

176 2171 199 2212 a
217 2145 375 2210 librorum
403 2145 492 2210 aditu
521 2149 553 2210 et
580 2148 745 2230 tamquam
771 2149 951 2212 commeatu
978 2146 1141 2212 litteratae
1170 2147 1324 2232 supellec-

175 2253 248 2317 tilis
277 2252 496 2317 interclusum.
548 2250 636 2318 Bene
665 2253 789 2317 factum
817 2253 932 2338 igitur,
965 2251 1049 2337 quod
1077 2257 1144 2318 tam
1175 2253 1323 2338 ingratae

174 2365 309 2445 tamque
339 2359 430 2444 inopi
459 2359 632 2424 stabilitati
659 2381 745 2424 nuno
772 2359 880 2442 ipsum
903 2359 1026 2446 aliquid
1050 2363 1083 2425 et
1105 2359 1323 2424 motiunculae

175 2470 212 2532 et
234 2465 380 2532 alimenti
403 2465 603 2532 extrinsecus
627 2467 770 2550 affertur,
792 2466 875 2532 unde
896 2488 969 2550 spes
994 2466 1038 2529 sit
1059 2465 1128 2530 fore
1152 2468 1188 2529 ut
1209 2487 1323 2549 prooe-

175 2573 301 2639 miandi
332 2595 406 2639 cum
439 2572 583 2638 officium
615 2575 685 2637 tum
716 2572 913 2638 consuetudo
946 2571 1062 2637 saltem
1093 2593 1160 2636 non
1192 2592 1324 2656 prorsus

176 2679 383 2746 destituatur.
426 2679 675 2744 'Pranemittitur
698 2679 782 2744 enim
807 2680 847 2744 ab
872 2679 985 2762 amico,
1008 2699 1145 2763 quocum
1168 2678 1235 2742 iarn
1258 2699 1324 2743 non

176 2787 255 2852 licet
277 2789 314 2850 ut
337 2786 416 2851 olim
439 2807 549 2852 coram
572 2789 834 2870 ευμφιλολογεῑν,
867 2785 930 2851 sibi
953 2783 1059 2850 Roma
1085 2786 1324 2868 transmissum,

176 2897 215 2958 ut
244 2893 324 2958 mihi
361 2893 522 2977 redderet,
558 2893 852 2959 Henzenianum
888 2892 1041 2958 volumen
1076 2879 1324 2977 inscriptionum

175 3000 365 3083 latinarum,
389 3020 453 3084 quo
467 2997 667 3064 Orellianam
687 2999 848 3085 syllogam
870 2999 1045 3064 utilissimo
1065 2999 1210 3086 consilio,
1232 3023 1322 3087 prae-

177 3107 267 3174 clara
289 3105 458 3191 diligentia
477 3104 700 3191 singularique
718 3105 865 3172 doctrina
883 3105 1032 3190 supplere
1050 3106 1220 3174 emendare
1239 3107 1323 3174 locu-

176 3214 301 3299 pletare
324 3211 475 3278 instituit.
518 3212 752 3297 deceptissime
776 3213 903 3278 muneri
927 3213 1055 3278 litterae
1080 3214 1235 3280 accedunt
1257 3216 1321 3300 ple-

176 3343 237 3385 nae
269 3323 305 3385 ut
338 3319 445 3384 solent
477 3319 663 3384 suavitatis:
696 3318 813 3403 quibus
846 3318 966 3384 amicus
998 3322 1108 3384 monet
1140 3323 1321 3388 accuratius
1423 3320 1430 3332 ”

176 3427 308 3493 titulum
341 3426 499 3512 quendam
532 3427 803 3492 Lambaesensem
840 3426 1010 3510 inspiciam
1041 3425 1075 3490 in
1107 3426 1229 3510 pagina
1259 3429 1321 3493 144

176 3535 329 3620 positum,
352 3533 386 3605 in
410 3555 474 3618 quo
497 3532 551 3598 rix
570 3532 669 3598 dubia
688 3533 750 3597 eibi
771 3554 927 3616 apparere
945 3531 1041 3596 metri
1057 3529 1200 3597 Saturnii
1224 3536 1322 3600 vesti-

176 3643 238 3728 gia
270 3639 398 3725 Negare
422 3639 455 3704 id
478 3639 607 3724 quidem
631 3639 732 3704 alium
756 3639 893 3704 amicum
917 3638 952 3702 in
970 3638 1132 3704 communi
1156 3639 1224 3705 sive
1244 3638 1321 3725 Scy·

174 3747 307 3813 thorum
331 3746 398 3812 sire
422 3745 644 3812 Sarmatarum
672 3747 804 3833 regione
827 3767 936 3811 secum
960 3745 1145 3830 degentem,
1167 3766 1262 3829 quem
1285 3747 1321 3812 in

176 3855 228 3920 his
252 3853 372 3919 litteris
395 3872 531 3938 regnare
555 3875 667 3919 omnes
695 3852 914 3920 consentiunt:
946 3873 1005 3917 nec
1032 3855 1142 3916 temen
1171 3873 1263 3916 suam
1287 3875 1321 3918 se

176 3961 390 4047 suspitionem
414 3960 508 4026 facile
531 3960 665 4024 missam
688 3959 803 4026 facere.
849 3958 951 4024 Addit
973 3957 1166 4042 permissum
1190 3956 1253 4022 sibi
1278 3957 1320 4022 ab

176 4069 356 4135 Henneno
387 4072 437 4154 ut,
470 4067 498 4133 si
530 4067 642 4150 vellet,
673 4065 767 4132 illum
799 4067 931 4132 titulum
967 4061 1140 4130 voluminis
1178 4063 1319 4129 nondum
1398 4079 1404 4086 '

264 4335 291 4404 *)
312 4332 500 4406 [Prooemium
519 4330 621 4386 Indicis
639 4330 798 4386 scholarum
817 4329 986 4384 aestivarum
1009 4325 1075 4382 anni
1094 4323 1318 4398 clolocchv;

174 4423 277 4479 iterum
291 4423 319 4477 in
334 4422 477 4493 publicum
492 4420 622 4478 emissam
636 4421 665 4476 in
677 4419 898 4475 ‘Prooemicrum
908 4416 1094 4474 Bonnensium
1109 4417 1225 4474 decade’
1241 4435 1268 4474 n.
1278 4417 1318 4473 111

175 4529 240 4568 oum
259 4511 383 4570 auctario
402 4512 431 4568 in
449 4509 630 4584 praelatione.
667 4510 696 4568 C.
711 4509 769 4583 W.]
