3254 5090
490 407 773 457 oasaavnmonns
797 405 1066 454 amensamens.
1285 389 1350 452 433

204 571 303 612 unum
327 549 431 614 solum
460 557 704 617 monumentum
732 551 922 617 memoriam
950 549 1103 632 servavit,
1134 570 1216 632 pons
1239 545 1350 612 Fabri-

204 655 273 720 cius
306 655 361 719 ille
392 655 518 721 insulae
549 657 721 723 Tiberinae
757 659 790 723 in
827 658 917 724 cuius
951 657 1089 722 arcubus
1123 659 1236 740 quater
1268 654 1350 718 redit

204 760 626 830 L·FABRICIVS·C·F
647 801 653 812 ·
674 762 762 829 CVR
782 764 912 829 -VLAR
942 761 1011 848 ([C.
1037 763 1062 828 I.
1088 761 1123 826 L.
1156 761 1170 826 I
1203 785 1234 826 n.
1259 762 1350 844 6003]

203 865 237 932 P.
266 868 300 933 L.
328 868 370 934 M.
400 868 437 933 E.
471 871 537 934 tab.
560 869 744 935 LXXXVII
762 870 881 936 AOD
894 871 953 954 F).
1003 871 1071 936 Nec
1099 869 1245 954 proiecto
1279 889 1351 932 cum

203 974 379 1040 tribunicia
407 981 570 1060 potestate
601 977 765 1043 difficilius
790 999 945 1062 aquarum
969 999 1066 1060 quam
1091 975 1215 1040 viarum
1240 997 1350 1039 curam

209 1081 362 1166 sociabis,
404 1083 531 1167 quando
564 1107 629 1150 non
662 1085 767 1148 minus
802 1085 897 1149 nobis
930 1105 1014 1148 nova
1050 1083 1130 1148 hacc
1163 1103 1261 1166 quam
1293 1081 1352 1145 illa

203 1191 253 1252 est
285 1188 318 1251 in
350 1188 554 1254 tribunorum
587 1190 783 1255 muneribus.
832 1189 882 1255 De
910 1189 1004 1274 aquis
1032 1193 1140 1254 autem
1168 1193 1204 1253 ut
1232 1189 1351 1272 cogite-

203 1317 289 1378 mus,
324 1295 465 1380 gravius
488 1297 585 1362 etiam
620 1297 709 1362 locus
742 1297 864 1381 reperti
896 1296 1015 1380 lapidis
1052 1295 1173 1360 suadet.
1224 1295 1351 1380 Quippe

202 1405 366 1484 repertum
390 1404 573 1488 accepimus
596 1405 630 1468 in
654 1407 763 1468 monte
789 1402 914 1486 Caelio,
941 1403 1003 1467 hoc
1027 1405 1077 1466 est
1099 1401 1134 1465 in
1157 1423 1195 1466 ea
1218 1401 1351 1486 regione

203 1507 293 1572 urbis
327 1530 423 1592 quam
456 1515 586 1576 constat
618 1533 682 1575 una
714 1533 785 1576 cum
818 1511 972 1596 contiguo
1000 1508 1163 1574 Aventino
1194 1529 1350 1592 aquarum

204 1612 395 1679 difficultate
415 1616 644 1700 utplurimum
663 1619 838 1686 laborasse.
866 1617 936 1682 Nec
954 1617 986 1680 id
1006 1617 1122 1680 mirum
1128 1667 1137 1698 ‚
1161 1637 1232 1679 curn
1257 1615 1350 1679 uber-

202 1720 277 1783 rimi
304 1720 354 1785 illi
382 1721 539 1805 planeque
573 1723 755 1788 admirandi
788 1743 943 1808 aquarum
977 1722 1090 1787 ductus
1116 1721 1255 1786 Romani
1287 1721 1351 1804 ipsi

203 1823 312 1890 Caelio
331 1827 412 1890 nulli
432 1827 497 1890 fere
517 1833 591 1892 ante
607 1829 747 1915 Augusti
766 1835 915 1914 tempora
933 1829 1006 1894 usui
1023 1828 1153 1894 fuerint
1182 1826 1269 1893 Nam
1284 1827 1350 1910 Ap-

203 1931 277 2014 piae
300 1931 430 2016 quidem
453 1934 557 1999 rivum
580 1957 645 2000 non
669 1937 734 2002 nisi
758 1939 831 2002 sub
856 1935 966 2002 Caelio
995 1939 1103 2001 monte
1131 1939 1165 2000 et
1188 1934 1350 1999 Aventino

202 2034 335 2101 ductum
354 2037 528 2106 Frontinus
551 2042 695 2126 prodidit
717 2043 750 2107 in
771 2041 1065 2127 praestantissimis
1089 2041 1127 2105 de
1148 2041 1239 2126 aquis
1263 2063 1293 2104 u.
1312 2039 1350 2104 R.

203 2142 295 2208 libris
320 2165 388 2229 cap.
404 2147 446 2211 22
467 2171 497 2232 p.
514 2149 599 2232 13,3
619 2149 770 2215 editionis
791 2148 1033 2214 Buecheleriae:
1058 2147 1144 2213 Anio
1164 2151 1255 2212 vetus
1275 2169 1351 2211 eun·

202 2247 274 2313 dem
298 2255 441 2316 montem
468 2275 508 2318 ne
538 2255 651 2340 attigit
679 2255 821 2339 quidem:
854 2277 911 2339 per
935 2251 1082 2319 Caelium
1106 2258 1213 2318 autem
1237 2254 1350 2318 ductus

202 2357 291 2422 rivus
314 2357 455 2424 Marciae
480 2359 594 2446 ‘ipsius
618 2362 739 2427 montis
762 2360 874 2426 usibus
898 2359 981 2424 nihil
1006 2364 1042 2425 ut
1064 2360 1200 2426 inferior
1221 2360 1351 2426 summi-

202 2463 376 2530 nistrabat’
400 2469 484 2531 teste
509 2468 620 2532 eodem
637 2467 793 2532 Frontino
820 2469 859 2532 19
884 2489 915 2550 p.
936 2467 986 2550 12,
1008 2467 1062 2532 13:
1084 2466 1180 2532 buius
1204 2471 1241 2532 ut
1264 2466 1349 2531 simi-

201 2569 243 2632 lis
272 2575 369 2655 atque
397 2573 524 2657 Appiae
556 2575 641 2639 ratio
675 2573 781 2638 fuerit.
831 2573 981 2658 Augusto
1014 2572 1142 2637 demum
1171 2574 1350 2656 imperante

202 2675 291 2740 rivus
325 2679 454 2762 quidam
488 2703 590 2766 aquae
617 2681 720 2746 Iuliae
751 2679 829 2745 illuc
863 2679 977 2745 ductus
1008 2683 1072 2745 est:
1105 2703 1168 2764 quo
1197 2677 1350 2744 Claudiae

203 2784 314 2866 copiae
337 2785 496 2871 largiores
520 2810 683 2854 accessere
701 2787 842 2854 Neronis
865 2787 1023 2852 beneficio
1047 2783 1172 2872 (Front.
1187 2787 1229 2850 76
1253 2809 1283 2870 p.
1299 2785 1350 2869 29,

205 2889 270 2975 17).
302 2891 353 2956 Ex
376 2891 427 2958 his
451 2916 549 2959 unam
573 2895 743 2962 Claudiam
767 2895 974 2978 superstitem
997 2894 1091 2960 novit
1109 2893 1287 2958 Frontinus
1307 2895 1349 2959 87

202 2997 304 3082 p.33,
325 2999 378 3064 16:
404 2999 478 3085 ‘quo
502 3001 602 3067 fiebat
625 3007 675 3087 ut,
699 3002 847 3088 quotiens
871 3001 1005 3067 refectio
1029 3001 1137 3086 aliqua
1160 3001 1350 3066 intervenis·

202 3108 264 3188 set,
288 3107 489 3172 celeberrimi
513 3111 612 3174 colles
636 3109 779 3195 (Caelius
803 3114 837 3174 et
855 3107 1054 3194 Aventinus)
1078 3107 1226 3173 sitirent?
1262 3106 1351 3172 Haec

202 3211 303 3294 igitur
326 3235 399 3278 cum
422 3215 469 3282 ita
493 3238 526 3280 se
550 3217 707 3300 habeant,
731 3218 810 3282 satis
831 3239 900 3282 esse
919 3239 1052 3282 caussae
1073 3215 1239 3306 inventum
1259 3217 1350 3298 puta-

202 3338 274 3381 mus
294 3341 350 3382 cur
368 3321 434 3384 illis
456 3321 536 3404 ipsis
555 3322 635 3386 locis
660 3345 753 3405 opus
778 3323 977 3406 aquarium
1000 3321 1160 3406 imprimis
1179 3320 1350 3384 convenire

202 3422 361 3508 dicamus,
395 3426 462 3490 sive
491 3425 531 3490 de
557 3427 662 3492 rivulo
691 3427 885 3512 cogitaveris
915 3427 982 3490 sive
1011 3426 1048 3490 de
1077 3425 1210 3492 castello
1238 3425 1350 3489 lacuve

202 3529 252 3592 vel
277 3551 351 3593 arcu
377 3531 444 3594 sive
467 3532 505 3597 de
529 3537 627 3616 puteo
650 3533 701 3598 vel
725 3533 886 3597 consimili
909 3554 1016 3617 opere,
1039 3553 1140 3616 eoque
1160 3534 1217 3595 aut
1240 3552 1350 3595 recens

201 3634 289 3702 facto
319 3641 376 3701 aut
402 3637 523 3704 refecto
553 3641 689 3704 tantum.
736 3638 905 3716 Quodnam
938 3661 1019 3722 opus
1046 3637 1159 3722 fuerit,
1193 3637 1349 3722 scriptum

201 3741 264 3806 fuit
282 3743 345 3807 nisi
364 3743 508 3810 fallimur
530 3745 564 3810 in
588 3747 693 3830 capite
716 3747 833 3830 lapidis
857 3747 922 3811 iam
938 3744 1070 3810 Marinii
1095 3749 1201 3809 aetate
1221 3745 1369 3810 avulso:⁴

201 3871 266 3914 non
290 3850 412 3915 usitato
436 3873 515 3916 sane
537 3852 656 3935 ordine,
680 3853 735 3938 qui
753 3854 883 3918 initium
902 3853 971 3919 fieri
991 3875 1011 3918 a
1028 3853 1158 3918 nomine
1178 3851 1348 3936 magistra-

200 3959 253 4022 tus
277 3957 424 4041 iubebat,
448 3957 504 4022 sed
527 3961 636 4024 tamen
656 3981 722 4023 non
745 3959 902 4024 destituto
926 3957 1091 4043 exemplis.

289 4064 328 4130 In
355 4064 540 4130 muneribus
569 4065 740 4130 ordinariis
769 4087 879 4130 curam
907 4087 1064 4150 aquarum
1092 4051 1166 4129 non¹
1185 4067 1260 4128 ante
1283 4063 1350 4128 Au·
1441 4096 1445 4106 ·

202 4172 290 4256 gusti
313 4175 463 4256 tempora
485 4173 587 4238 fuisse
611 4171 690 4237 satis
715 4169 898 4236 eFrontini
922 4169 1164 4236 commentariis
1187 4169 1347 4255 intellegi-

202 4280 267 4344 tur:
291 4301 353 4363 quo
377 4282 460 4344 teste
484 4301 509 4344 c.
529 4280 571 4345 98
595 4279 697 4363 pal,
719 4278 759 4342 16
783 4275 917 4361 ‘primus
937 4275 980 4342 M.
997 4276 1144 4362 Agrippa
1166 4280 1242 4360 post
1266 4277 1349 4341 acdi-

202 4382 341 4468 litatem,
371 4407 467 4470 quam
500 4386 604 4472 gessit
631 4383 823 4466 consularia,
857 4405 990 4466 operum
1018 4404 1150 4448 suorum
1183 4387 1216 4448 et
1242 4406 1349 4448 mune·

202 4513 274 4554 rum
298 4491 404 4556 velut
427 4497 600 4577 perpetuus
624 4496 754 4557 curator
769 4487 852 4572 fuit',
875 4493 1005 4554 street
1023 4489 1152 4554 nomine
1166 4493 1348 4556 curatorem

258 4613 298 4646 ra
319 4611 468 4649 arrsossnu
488 4615 621 4651 osvsovm
645 4615 680 4651 ιν.
858 4628 867 4646 =
1100 4597 1134 4648 28
