3166 5084
457 405 683 454 anternacum
707 403 980 454 6116611616111.
1278 385 1299 448 3

148 548 262 609 tamen
280 545 375 612 huius
389 551 623 632 praestantiam
643 552 738 634 longe
757 550 915 634 longeque
934 546 1032 611 etiam
1052 548 1192 628 superat.
1219 543 1299 608 Elius

146 657 258 716 autem
287 675 345 719 nec
372 655 618 739 amplitudinem
646 657 742 722 huius
771 655 929 740 prooemii
957 655 1038 719 fines
1069 653 1215 736 capiunt,
1238 673 1298 716 nec

145 761 407 844 explanationem
440 764 522 828 satis
550 765 699 848 expedire
726 787 822 848 posse
852 762 1052 846 philologiae
1081 782 1134 824 ars
1164 760 1297 826 uidetur.

145 863 354 951 Quapropter
377 870 588 936 eruditissimi
611 872 765 956 collegae,
788 871 848 936 leti
867 868 1078 953 celeberrimi,
1104 867 1189 932 curis
1209 890 1297 932 ccm-

144 970 343 1058 mendatam,
367 997 498 1060 sperare
521 977 598 1042 lieet
620 977 688 1041 lore
712 981 749 1041 nt
772 975 862 1040 brevi
884 995 1109 1058 recuperemus
1134 975 1297 1060 sagaciter

144 1079 331 1162 suppletam
364 1085 398 1145 et
434 1083 613 1148 luculenter
649 1081 893 1166 illustratam.*)
943 1081 1154 1166 Reliquorum
1188 1085 1296 1148 661616

15 1209 27 1233 ·
144 1187 289 1251 maxima
316 1209 406 1272 pars,
434 1193 471 1254 ut
493 1189 560 1254 fere
583 1191 634 1274 fit,
663 1189 704 1255 ad
732 1189 911 1274 sepulcrale
939 1209 1040 1275 genus
1069 1189 1226 1274 pertinet:
1256 1189 1296 1252 ad

143 1314 195 1358 res
225 1317 336 1361 sacras
363 1297 551 1381 publieaave
585 1319 721 1361 numero
748 1297 917 1380 pauciores
947 1301 1103 1381 spectant.
1149 1296 1202 1361 Ab
1231 1297 1296 1361 illis

143 1400 256 1487 igitur,
275 1424 389 1486 parum
409 1425 562 1487 sequaces
582 1401 726 1469 Solensis
745 1407 870 1488 poetae,
889 1403 1070 1468 ordiamur:
1090 1403 1129 1468 ud
1144 1405 1297 1488 graviora

144 1511 177 1570 et
200 1510 398 1594 gravissima
422 1510 668 1598 progrediamur
691 1512 850 1595 deinceps.

232 1615 309 1681 Etsi
331 1621 440 1683 autem
465 1618 504 1682 de
527 1620 678 1684 universa
697 1619 815 1684 codicis
835 1619 1021 1686 condicione
1040 1619 1293 1703 disputationem

142 1725 386 1811 ampliavimus,
414 1729 525 1791 tamen
552 1726 666 1811 paneis
697 1725 866 1791 dicendum
889 1727 928 1790 de
952 1727 1019 1792 eius
1042 1727 1104 1791 fide
1129 1726 1294 1792 sentimus.

143 1831 251 1907 Quam
276 1832 406 1917 quidem
430 1855 542 1898 eurum
566 1833 815 1917 inscriptionum
838 1833 1039 1919 comparatio
1058 1855 1190 1918 prorsus
1209 1855 1294 1898 com-

145 1939 296 2022 mendat,
324 1961 405 2023 quae
430 1939 504 2004 aliis
533 1961 572 2004 ex
598 1941 745 2006 fontibus
773 1937 864 2023 (nam
887 1939 1035 2006 Romano
1063 1939 1170 2006 codice
1198 1961 1293 2004 nemo

144 2045 238 2130 usus)
263 2047 298 2110 in
321 2045 459 2130 Gruteri,
482 2045 636 2125 Reinesii,
658 2045 814 2130 Fabretti,
836 2046 944 2132 Donii,
967 2045 1147 2124 Muratorii,
1171 2045 1294 2112 Donati

145 2151 294 2236 syllogas
318 2157 498 2219 manarunt
536 2152 637 2218 Velut
659 2175 756 2238 quam
780 2177 799 2219 a
822 2153 930 2219 Donio
949 2151 1022 2238 XII,
1046 2155 1088 2218 56
1112 2153 1161 2218 ‘ec
1182 2153 1298 2220 6616116

140 2257 337 2324 bibliothecae
355 2258 535 2324 Vaticcnue’
554 2261 692 2344 petitam
712 2261 914 2327 meminimus
934 2259 1121 2346 (carendum
1141 2265 1190 2326 est
1209 2261 1295 2325 enim

142 2365 175 2428 in
197 2365 252 2430 his
281 2366 378 2430 161116
402 2363 501 2432 Donii
531 2371 563 2432 et
591 2365 714 2433 Donati
743 2365 864 2454 libris),
893 2391 964 2432 eam
987 2368 1153 2434 Romanae
1184 2371 1297 2432 auctor

141 2472 346 2539 collectionis
370 2473 425 2539 fol.
448 2474 540 2538 2646
564 2473 609 2539 ‘in
627 2476 715 2540 16166
733 2474 908 2540 Alexandri
934 2475 1089 2541 Paniarae
1107 2477 1143 2540 dc
1159 2473 1294 2558 chiocc

142 2577 244 2644 Triarii
274 2579 310 2643 16
336 2581 402 2644 cias
428 2579 551 2646 Horttc’
575 2581 645 2665 ipse
668 2579 794 2644 viderat
822 2579 1108 2664 descripseratque.
1140 2582 1175 2646 Ε
1196 2580 1292 2646 01116-

140 2685 286 2750 1161616.
305 2687 403 2751 codice
422 2685 578 2752 Gruterus
597 2689 672 2772 249,
696 2689 714 2752 7
736 2690 929 2772 sumpserat,
952 2709 1034 2771 quae
1060 2687 1093 2751 in
1112 2685 1203 2752 Rom.
1223 2688 1291 2752 cod.

141 2791 162 2855 f.
180 2792 278 2858 21611
301 2793 336 2858 in
354 2797 415 2858 6116
433 2814 450 2858 6
468 2793 645 2876 16616666
662 2795 800 2875 1666166
812 2815 872 2876 per
891 2794 923 2858 16
941 2793 1041 2859 chiesa
1060 2793 1109 2877 (di
1126 2793 1159 2858 S.
1178 2793 1292 2878 Ρ6616)

141 2897 272 2964 dicitur.
316 2899 471 2966 Notabile
501 2905 552 2965 est
580 2900 665 2986 quod
689 2901 724 2964 in
751 2901 835 2966 hanc
863 2923 932 2966 rem
962 2901 982 2966 f.
1010 2901 1102 2966 2786
1129 2905 1291 2967 monetur:

139 3012 305 3089 utramque
326 3009 556 3091 1666616666
579 3010 623 3074 ad
638 3008 831 3092 6616616616
848 3011 1003 3091 mondum
1021 3009 1175 3092 desumpsi,
1193 3009 1290 3074 116616-

140 3133 199 3179 666
220 3135 293 3179 vero
315 3135 378 3181 666
400 3105 540 3181 deoru.
577 3115 710 3181 Testem
733 3117 898 3182 oculatum
916 3119 986 3181 tum
1006 3116 1181 3181 similitudo
1200 3139 1291 3182 mon·

141 3225 224 3286 strat
242 3225 316 3286 tum
334 3223 404 3306 1666
423 3221 652 3288 dissimilitudo
671 3223 845 3288 locorum
863 3223 1104 3308 descriptionis:
1123 3227 1291 3308 praeterea

143 3327 319 3393 eorundem
343 3333 626 3394 monumentorum
649 3330 714 3394 eliu
734 3330 805 3394 aliis
823 3329 1024 3414 temporibus
1044 3329 1202 3396 condicio:
1226 3352 1289 3416 quo

144 3433 269 3500 accedit
293 3435 380 3499 haud
403 3436 584 3521 spernenda
602 3437 636 3501 in
654 3437 846 3521 quibusdam
866 3437 1046 3522 scripturae
1065 3437 1290 3522 discrepantia.

143 3539 339 3607 Gruteriana
361 3544 414 3626 28,
437 3544 458 3608 6
477 3543 626 3628 prodisse
649 3563 686 3608 ea
708 3543 833 3610 66111166
852 3543 1081 3610 docticanae
1097 3565 1212 3627 666616
1230 3546 1291 3610 uir·

140 3647 223 3726 61616
247 3647 378 3732 dicitur3
402 3645 603 3715 6111111661.
623 3649 728 3716 6611.
749 3651 852 3715 acta:
875 3652 964 3716 16616
981 3653 1068 3718 aeda
1086 3652 1291 3732 Buffalorum

141 3753 297 3820 ethanim
325 3777 395 3820 6666
417 3761 563 3822 uetustate
590 3763 779 3844 66666166,
804 3757 991 3841 [immutatus
1014 3757 1141 3824 litteris:
1170 3759 1289 3844 quippe

142 3843 355 3926 evanuerant
376 3862 503 3948 reliqua
537 3869 668 3948 praeter
705 3887 759 3930 sex
792 3887 903 3930 versus
936 3869 1116 3950 extremos,
1152 3887 1289 3950 quorum

143 3968 287 4034 solorum
311 3971 492 4055 exemplum
515 3971 549 4036 in
572 3971 680 4037 codiee
702 3973 919 4056 perscriptum
939 3977 996 4039 est
1032 3969 1189 4037 Similiter
1208 3973 1290 4039 Gru·

142 4077 288 4142 terianae
317 4077 396 4163 623,
430 4079 447 4144 1
478 4079 576 4145 codex
609 4079 630 4145 f.
659 4081 751 4145 26111
784 4084 938 4166 quattuor
969 4083 1098 4146 tantum
1129 4085 1287 4147 extremos

144 4233 356 4247 fiu-——ss

212 4323 240 4393 ³)
255 4320 786 4394 [816111661111111661611661116161616
801 4325 962 4399 Philippum
977 4325 1138 4384 Eduardum
1148 4325 1287 4398 Huschke,

145 4411 190 4478 qui
214 4412 316 4468 codem
340 4429 412 4471 anno
432 4416 475 4469 ‘a
499 4416 591 4472 Flavii
610 4416 763 4487 Syntrophi
787 4418 1003 4472 instrumentum
1023 4417 1181 4473 donationis
1199 4417 1287 4472 inedi-

143 4501 212 4556 lun'
233 4500 331 4558 emisit
349 4503 553 4575 (Vratislaviae,
571 4505 644 4562 llirt.
663 4507 699 4576 l).
736 4507 765 4562 C.
785 4506 842 4578 W.]

1040 4591 1074 4653 1*
