3116 5066
550 351 755 398 sarcasmus
780 351 955 400 sonuvvu.
1259 335 1321 400 139

200 491 338 573 affimat:
359 494 406 558 itu
429 493 560 580 quidem
581 515 719 560 novasse
735 491 855 560 Caesar
877 494 916 560 de
940 516 997 560 suo
1022 493 1199 559 credendus
1222 495 1322 560 sitin
1383 478 1391 498 ⁸

196 596 349 684 singulari,
372 601 458 686 quod
476 601 633 667 usitatum
652 603 719 668 ullo
735 585 995 686 temporc'fuisse
1009 601 1206 686 ignoremus.
1237 599 1323 668 Nam

192 706 272 788 quod
293 708 462 774 secundum
487 708 627 776 codicem
651 707 792 776 Charisii
819 730 886 774 non
914 708 1036 774 habent
1060 731 1138 775 sane
1164 710 1228 776 nr'si
1249 711 1324 792 quib

190 813 294 899 verba,
318 815 349 880 h.
369 839 394 881 e.
416 817 481 882 nisi
502 818 595 902 quod,
623 839 686 902 quo
710 816 790 881 satis
813 820 900 882 recte
923 815 1035 881 referri
1058 818 1160 884 dieas:
1194 817 1323 882 interci-

188 915 270 986 disse
290 921 396 1007 potius
421 923 543 1010 aliquid
562 923 731 1009 probabile
750 927 812 1008 est,
835 945 898 1008 quo
912 945 977 990 non
991 923 1054 990 hoc
1068 927 1205 1008 tantum,
1227 923 1323 1008 quale

189 1031 395 1112 compositum
419 1029 553 1097 islcomo
571 1030 702 1114 laceret,
726 1030 907 1115 sedetiam,
930 1031 1024 1116 quale
1047 1031 1059 1094 c‘
1082 1029 1137 1117 (ei,
1162 1030 1203 1117 ii)
1227 1030 1323 1096 bomi-

189 1151 248 1217 aas,
268 1135 431 1223 diceretur,
454 1139 522 1204 sive
543 1137 580 1202 'id
601 1139 682 1204 idern
700 1137 739 1203 de
757 1137 964 1223 grammatici
984 1137 1145 1204 sententia
1164 1138 1242 1203 item
1261 1137 1324 1202 fuit

191 1238 256 1306 sive
274 1245 363 1310 cirtem
387 1246 455 1312 sive
478 1243 617 1330 iidem.*)
1314 1331 1319 1338 Ι

273 1349 329 1417 His
359 1357 468 1418 autem
498 1353 545 1418 ita
572 1353 621 1418 uti
648 1351 784 1418 sedimus
812 1351 988 1437 exploratis
1020 1352 1084 1418 iam
1114 1375 1180 1418 non
1208 1375 1323 1438 anceps

196 1459 317 1525 esseda
343 1459 492 1525 Bentleio
519 1459 670 1524 iudicium
699 1463 822 1544 potest,
855 1460 933 1545 quin
965 1459 1021 1524 illc
1049 1460 1083 1524 in
1109 1459 1258 1526 Eunuchi
1281 1459 1324 1543 ll,

196 1557 226 1639 2,
242 1562 277 1630 38
297 1571 421 1650 praeter
443 1567 603 1633 rationem
618 1566 777 1632 Prisciani
795 1565 859 1632 XII
882 1589 912 1651 p.
927 1567 992 1633 948
1016 1565 1077 1634 hoc
1101 1567 1324 1633 testimonium

199 1667 338 1740 reiecerit:
359 1675 566 1740 incantantur
579 1679 681 1738 lamec
700 1675 793 1740 etium
805 1675 1036 1740 nominalium
1048 1675 1205 1757 pluralem
1227 1673 1325 1740 blscc

197 1775 362 1854 eromenes
388 1782 526 1866 antiqno,
553 1787 588 1846 vl
611 1781 771 1846 Terentius
799 1781 832 1845 in
853 1780 1007 1847 Eveauclco
1034 1780 1132 1846 bisce
1157 1781 1222 1846 laec
1250 1802 1324 1846 mu·

203 1893 273 1946 aare
293 1871 531 1954 arbitrentur
560 1909 665 1954 suam
694 1887 869 1953 Thaidem
900 1909 991 1954 esse:
1023 1909 1105 1973 quae
1133 1889 1232 1954 verba
1259 1891 1324 1953 tur·

201 1980 272 2059 Ister
288 2016 415 2075 pessum
440 1995 529 2060 dedit
551 1995 724 2081 theologus
747 1993 926 2078 Lipsiensis
950 1998 972 2060 t.
991 1993 1006 2058 I
1030 2017 1060 2079 p,
1079 1993 1153 2060 554.
1192 1993 1238 2058 Vt
1259 2015 1325 2058 non

201 2085 308 2164 lflsslum
333 2103 391 2169 ubi
419 2102 495 2167 libri
526 2107 707 2186 servarunt,
740 2101 797 2166 sed
830 2102 928 2166 etiam
961 2101 1154 2186 quibusdam
1186 2099 1259 2166 aliis
1292 2101 1326 2165 in

195 2185 265 2263 locis
285 2228 355 2274 curn
379 2209 498 2276 Plauto
525 2213 595 2274 tum
619 2209 772 2275 Terentio
801 2209 857 2273 ille
883 2207 963 2275 lui-sce
991 2209 1210 2274 nominativus
1239 2207 1326 2272 haud

187 2288 379 2410 hesitantes
402 2317 620 2382 restituendus
645 2317 697 2382 sit.
748 2315 840 2392 Quod
864 2316 941 2401 quia
968 2337 1040 2380 cum
1069 2315 1142 2381 aliis
1166 2315 1326 2400 quaestio—

178 2401 272 2480 mbfls
306 2426 515 2491 coniunctum
550 2429 612 2508 est,
644 2423 735 2488 velut
767 2423 806 2487 de
833 2423 929 2488 illisce
956 2421 1063 2489 forma
1089 2423 1242 2488 Plautina
1274 2420 1327 2509 (ut
1399 2433 1404 2440 “

170 2493 271 2587 Μοθίῑ·
292 2529 384 2616 510),
407 2531 461 2596 hic
475 2531 591 2597 leviter
605 2529 834 2615 perstrinxisse
858 2529 938 2594 satis
951 2529 1067 2613 habeo,
1084 2530 1161 2594 alibi
1176 2533 1326 2598 tractabo

109 2639 116 2650 “
163 2620 329 2722 “Palilia
353 2673 398 2685 -
421 2637 545 2704 Verum
567 2642 678 2703 tamen
700 2637 752 2702 his
780 2635 932 2702 omnibus
960 2633 1104 2700 nondum
1133 2637 1213 2702 satis
1237 2659 1327 2722 prae-

160 2715 239 2788 ⁸¹dli
272 2749 431 2825 paratum
461 2745 554 2811 video
582 2745 715 2811 laetitias
737 2746 911 2827 insperatas
937 2742 1162 2830 nominativis,
1189 2767 1269 2828 quos
1293 2746 1328 2810 in

167 2811 406 2916 Atellanarum
436 2851 603 2937 scriptoris
631 2851 803 2937 Pomponii
831 2850 916 2935 apud
942 2849 1086 2916 Nonium
1114 2873 1145 2934 p.
1168 2850 1234 2916 500
1265 2851 1328 2918 hoc

167 2939 383 3024 ⁸⁰Ptenarioz-
405 2957 494 3040 Quod
511 2956 625 3044 (immo
642 2956 738 3045 Quot)
759 2959 893 3023 laetc'tios
915 2960 1089 3040 c'rcsperalac
1110 2957 1198 3022 mddo
1216 2959 1262 3022 mc'
1280 2959 1326 3023 in-

163 3041 299 3128 repssere
320 3068 356 3130 in
373 3067 483 3147 sinum
498 3065 629 3152 quidam
648 3065 823 3151 indagasse
843 3065 905 3130 sibi
922 3063 983 3129 visi
1004 3069 1079 3130 sunt
1098 3068 1173 3149 post
1186 3063 1327 3130 Hartun-

157 3147 249 3292 glm·
294 3171 382 3237 Nam
396 3177 433 3237 ut
450 3175 575 3238 tecam
595 3173 680 3258 quod
699 3173 785 3238 inter
798 3171 950 3237 Plautum
965 3170 1216 3258 'latentiumque
1231 3176 1328 3258 atque

175 3261 352 3351 ⁰¹¹1ponii
377 3283 517 3345 aetatem
541 3280 698 3365 temporis
721 3279 928 3344 intervallum
956 3277 1141 3363 intercedit,
1172 3279 1207 3343 in
1236 3283 1329 3345 tanta

152 3357 402 3504 ,⁰¹⁹¹{1plorum
427 3386 634 3454 multitudine
663 3409 704 3452 ne
727 3409 827 3452 unum
851 3385 980 3470 quidem
1002 3384 1104 3450 habes
1128 3385 1168 3450 ad
1191 3385 1327 3470 primam

151 3460 433 3606 ,lelusacionem
457 3494 636 3578 pertinens:
663 3494 698 3559 in
721 3517 785 3580 qua
813 3494 841 3558 si
869 3493 948 3558 item
970 3513 986 3557 s
1008 3491 1153 3556 litteram
1177 3515 1328 3578 umquam

163 3559 261 3648 “⁵¹¹⁸
299 3599 410 3687 lingua
435 3601 588 3686 servavit,
616 3603 653 3666 ut
675 3603 725 3666 est
748 3623 826 3666 sane
849 3621 980 3685 prorsus
1004 3598 1168 3683 credibile,
1195 3600 1274 3664 fecit
1297 3599 1328 3664 id

146 3659 302 3830 :litem
325 3707 370 3772 eis
394 3709 595 3794 temporibus
624 3730 705 3794 quae
729 3707 1029 3792 antiquissimorum
1053 3711 1194 3772 aetatem
1217 3729 1328 3770 monu·

178 3797 367 3889 ,ntorum
396 3820 560 3900 superant.
610 3815 789 3900 Pomponio
819 3813 922 3900 igitur
954 3813 1007 3879 vix
1035 3813 1148 3878 dubito
1182 3811 1329 3896 equidem

142 3881 233 3980 (qu
286 3941 343 4003 pro
366 3921 451 3986 veris
475 3921 668 3988 accusativis
691 3923 826 3988 laetitias
848 3921 1022 4004 insperatas
1044 3919 1175 4002 fuerint,
1198 3939 1328 4002 suspen-

139 3985 171 4035 ⁸¹⁸
220 4029 261 4075 Β
302 4029 401 4094 verbo
433 4029 606 4094 transitivo
634 4051 706 4095 cum
734 4028 843 4113 aliquo
877 4027 961 4113 quod
994 4025 1225 4111 praecessisset
1256 4025 1329 4091 sub·

138 4123 395 4200 &-

138 4316 159 4372 vd
227 4359 241 4372 ἱ
267 4289 303 4358 ²⁸)
320 4294 409 4366 [Haec
432 4294 589 4350 accuratius
613 4294 743 4364 exposuit
765 4297 795 4350 et
816 4311 850 4349 ex
868 4294 948 4364 parte
971 4289 1136 4346 retractavit
1160 4255 1330 4346 Ritechelius

138 4339 321 4484 scaen
339 4385 423 4440 ledere
441 4383 613 4454 pronominis
631 4383 740 4440 tormis'
758 4385 890 4453 (prooem.
905 4381 961 4437 ind.
976 4381 1041 4438 lect
1051 4379 1138 4438 Bonn.
1153 4379 1210 4436 hib.
1226 4397 1251 4436 a.
1261 4385 1329 4436 1855

214 4453 254 4504 Β
269 4485 285 4532 3
301 4469 371 4529 intra
389 4492 415 4528 n.
434 4471 512 4542 XIII)
530 4491 556 4542 p.
575 4473 615 4530 III
629 4491 669 4544 sq.
707 4471 736 4528 C.
751 4472 808 4543 W.]
