3116 5066
286 355 348 419 146
564 373 783 420 66666666
809 372 1045 420 6666666666
1069 373 1160 420 mm.

282 515 489 580 6611666166
512 515 607 600 (haee
630 515 830 602 inserenda):
863 537 942 597 qliae
966 537 1030 582 noe
1056 516 1203 597 quoniam
1217 515 1337 579 ‘ordini
1361 513 1437 578 litte·

283 641 393 686 rarum
419 627 596 686 nostrorum
624 624 703 687 deest
730 627 758 686 et
778 622 972 702 fornileorior
1000 621 1130 686 oleribus
1152 623 1267 687 nostris
1289 645 1310 686 6
1330 621 1440 704 protirrs

283 748 377 808 quam
400 748 423 812 g
449 734 504 812 cst,
536 749 669 811 auceps
692 777 789 793 .....
812 729 940 794 scribite.
986 727 1025 792 In
1053 729 1169 813 quibus
1199 727 1324 794 correxi
1356 748 1441 812 qnae

285 855 355 898 esse
379 833 573 920 corrigenda
591 857 648 899 res
672 835 743 920 ipsa
767 835 932 900 clamaret
1400 838 1403 848 “

352 955 356 965 ’
374 940 534 1006 Effectum
559 946 668 1008 estut
691 941 892 1027 quadruplici
915 941 1102 1008 testimonio
1126 942 1166 1006 ad
1186 963 1286 1008 unum
1302 940 1441 1006 Accium

287 1048 554 1132 geminandarum
582 1049 743 1152 vocalium
772 1049 969 1114 consuetudo
998 1049 1185 1132 referretur,
1213 1050 1442 1134 seiungeretur

288 1155 328 1218 ab
354 1153 445 1220 Accii
469 1156 624 1220 societate
647 1155 732 1220 Livii
756 1155 935 1241 Naeviique
961 1157 1125 1221 memoria.
1161 1155 1286 1232 Quibus
1311 1153 1440 1239 quode

288 1263 363 1342 etp
386 1261 570 1326 litterarum
594 1263 712 1347 aliquis
737 1285 814 1328 usus
843 1263 995 1330 correctis
1024 1285 1117 1328 ame
1141 1261 1301 1328 Victorini
1329 1259 1438 1326 verbis

288 1367 457 1450 tribuitur,
489 1390 554 1434 non
582 1368 687 1434 habeo
712 1370 841 1454 quidem
864 1393 928 1456 quo
958 1371 991 1435 id
1015 1371 1108 1456 quale
1131 1369 1232 1434 fuerit
1254 1367 1437 1433 accuratius

288 1471 453 1557 definiam,
481 1473 537 1538 sed
559 1479 669 1541 tamen
693 1477 756 1542 666
779 1499 846 1543 666
869 1479 1052 1543 necessario
1082 1499 1152 1542 esse
1176 1477 1369 1540 destitutum
1395 1475 1437 1538 iu-

288 1580 418 1665 tellego.
464 1580 581 1657 Quidni
610 1581 696 1646 enim
724 1583 889 1666 potuerint
916 1583 980 1667 illi,
1013 1583 1097 1668 quod
1130 1582 1246 1646 saltem
1279 1604 1317 1646 ex
1345 1587 1436 1666 parte

288 1687 353 1750 iam
377 1692 452 1752 ante
475 1710 530 1752 eos
553 1687 675 1752 factum
699 1711 769 1754 esse
793 1693 845 1754 sat
868 1693 956 1754 certo
981 1688 1131 1753 constet?
1163 1688 1289 1773 quando
1312 1709 1330 1753 r
1353 1689 1436 1752 litte-

289 1817 359 1859 ram
383 1798 416 1858 et
438 1795 471 1859 in
496 1796 732 1880 antiquissimis
755 1796 857 1864 fuisse
881 1797 991 1861 latinis
1019 1801 1141 1860 certum
1171 1799 1221 1860 est
1249 1799 1281 1860 et
1303 1793 1432 1861 eandem

289 1902 322 1964 in
351 1901 491 1965 carmine
520 1899 638 1966 Saliari
662 1901 776 1967 Velius
799 1902 932 1988 Longus
960 1925 990 1987 p.
1010 1903 1095 1968 2217
1124 1902 1206 1988 legit
1236 1906 1270 1966 et
1297 1901 1431 1966 indidem

290 2005 395 2072 Varro
414 2007 452 2072 de
472 2008 493 2072 1.
511 2008 718 2092 1661111,ἳὸ
737 2011 888 2094 protulit:
914 2009 1016 2094 quode
1036 2011 1109 2074 aliis
1129 2009 1281 2074 subtilius
1300 2007 1433 2074 Momm·

291 2135 385 2179 senus
409 2116 559 2199 exposuit
582 2115 620 2180 de
639 2115 714 2182 dial.
733 2117 806 2182 Ital.
826 2118 881 2182 inl.
901 2140 931 2202 p.
946 2118 998 2182 33.
1014 2117 1087 2182 216.
1119 2115 1233 2201 ltaque
1252 2117 1314 2181 etsi
1329 2115 1433 2182 Setinis

251 2241 275 2280 ss
291 2218 356 2306 (vel
379 2223 487 2305 potius
512 2219 660 2307 SETVS,
689 2227 725 2288 ut
754 2225 860 2290 estin
884 2224 1002 2290 saeculi
1033 2225 1162 2307 septimi
1186 2224 1389 2288 Amiternina
1411 2218 1432 2282 1.

291 2327 328 2392 R.
347 2327 387 2394 N.
411 2329 498 2394 5825
523 2327 570 2410 [Ο.
590 2327 615 2394 Ι.
634 2329 669 2396 L.
692 2330 708 2394 l
732 2329 907 2415 n.1299])‚
931 2354 997 2396 non
1013 2331 1127 2396 Zethus
1150 2332 1319 2422 scripsisse
1338 2331 1431 2396 Pacu-

291 2436 379 2500 vium
397 2435 612 2521 probabiliter
625 2435 851 2503 Fleckeisenus
871 2438 1010 2502 coniecit
1027 2437 1061 2502 in
1078 2437 1219 2521 epistula
1232 2437 1383 2502 Plautina
1395 2432 1431 2498 ad

291 2542 442 2608 madata
464 2541 611 2627 p.xl11.,
637 2563 747 2608 soriam
770 2548 878 2609 autem
901 2567 960 2628 pro
983 2565 1094 2610 acriam
1116 2545 1268 2610 Plautum
1292 2543 1433 2628 posuisse

290 2649 352 2733 ipsi
377 2649 503 2716 eodiees
526 2649 623 2715 fidem
646 2651 784 2734 faciunt,
806 2655 916 2716 tamen
939 2673 996 2716 eur
1018 2653 1201 2717 necessario
1225 2652 1266 2717 ab
1286 2674 1323 2718 eo
1341 2653 1433 2734 poeta
1552 2717 1553 2722 .

291 2756 379 2820 illius
403 2756 532 2820 litterae
555 2779 633 2820 usus
659 2757 764 2822 omnis
788 2757 1003 2840 abiudicetur,
1031 2780 1096 2822 non
1120 2758 1213 2823 video
1238 2757 1315 2823 satis
1337 2757 1435 2822 ratio·
1552 2741 1553 2807 1

292 2863 342 2926 616
362 2884 446 2926 esse:
467 2885 567 2948 enque
581 2885 696 2928 caussa
710 2863 773 2928 fuit
791 2886 847 2928 cnr
861 2863 942 2930 Mus.
957 2864 1034 2948 phil.
1046 2863 1107 2928 Vll
1127 2887 1158 2948 p.
1171 2865 1235 2929 566
1252 2867 1307 2946 [=
1321 2863 1438 2946 Opusc.

292 2967 325 3032 ll
352 2991 382 3052 p.
402 2969 480 3050 529]
515 2971 664 3036 dubitare
696 2993 748 3035 me
780 2971 1010 3056 significarem,
1041 2993 1118 3036 num
1152 2973 1233 3037 satis
1265 2970 1439 3055 prudenter

293 3079 423 3160 praeter
445 3077 546 3141 libros
570 3099 681 3143 omnes
705 3080 869 3159 tropesse'ta
891 3077 1008 3144 Plauto
1032 3101 1092 3161 pro
1116 3079 1266 3160 trapezita
1288 3075 1438 3143 obtrude·
1551 3074 1552 3113 l

293 3188 391 3248 retur.
437 3181 549 3268 Longe
572 3206 649 3249 sane
678 3185 749 3268 plus
778 3185 989 3250 dubitationis
1017 3185 1185 3252 fatendum
1208 3181 1436 3267 661666111-

293 3292 364 3354 tera
387 3311 457 3354 esse
481 3313 500 3354 a
522 3289 616 3356 Livio
639 3290 826 3376 Naevioque
854 3291 920 3356 iam
948 3295 1111 3375 usurpata.
1157 3289 1194 3355 In
1219 3290 1309 3356 euius
1331 3290 1434 3354 locum

293 3397 490 3462 substitutae
513 3419 535 3461 o
558 3398 679 3464 vocalis
703 3421 797 3463 usum
822 3401 854 3463 et
871 3398 1015 3481 patuisse
1034 3397 1191 3462 latissime
1211 3402 1244 3462 et
1262 3399 1314 3463 diu
1334 3397 1434 3462 solum

294 3503 474 3568 obtinuisse
504 3527 576 3569 cum
599 3501 824 3570 Plautinorum
852 3507 1070 3589 exemplorum
1099 3503 1300 3588 quorundam
1330 3505 1433 3587 singu·
1549 3591 1550 3594 Ἴ

294 3611 373 3676 laris
403 3612 549 3676 condicio
578 3611 655 3678 facit
683 3616 719 3677 ut
745 3612 839 3676 iaeile
869 3612 1049 3696 credamus,
1081 3617 1151 3677 tum
1184 3611 1282 3676 etiam
1317 3610 1434 3676 firmius
1549 3633 1550 3636 ¹

295 3721 575 3784 monumentorum
600 3739 637 3782 6ο
661 3718 695 3782 in
719 3739 834 3803 genere
857 3719 1041 3784 constantia
1064 3717 1245 3802 persuadet.
1289 3718 1434 3784 Plautina

294 3827 377 3892 talia
399 3825 471 3890 dieo
495 3824 605 3908 qualia
628 3824 729 3889 habes
753 3824 949 3890 Baeobidum
973 3825 1084 3890 v.129
1109 3827 1142 3888 et
1165 3823 1244 3889 362:

415 3925 490 4026 Non
514 3960 618 4024 omnis
642 3962 746 4042 aetas,
768 3958 870 4044 Lyde,
893 3958 969 4024 ludo
994 3958 1154 4024 conuenit.

415 4067 587 4152 Facietque
611 4067 772 4151 extemplo
796 4067 988 4132 erucisalum
1013 4089 1063 4130 me
1087 4087 1125 4129 cx
1149 4063 1320 4148 Chrysalo:

297 4201 352 4266 ubi
375 4201 440 4265 nisi
458 4201 546 4265 Derda
567 4205 601 4266 et
617 4199 746 4266 Greisulo
769 4183 1012 4284 pronuntiatum
1035 4197 1215 4285 putaveris,
1239 4199 1342 4284 ipsum
1366 4218 1431 4262 aeu-
1533 4244 1536 4293 p

258 4313 265 4330 “
298 4330 371 4372 men
386 4307 564 4373 sententiae
579 4305 753 4392 perierit.*)
778 4305 814 4370 ln
830 4305 1047 4371 monumentis
1062 4309 1170 4370 autem
1186 4328 1251 4372 non
1262 4299 1429 4372 Allvcss

297 4433 505 4443 ————-—-

385 4482 411 4551 *)
430 4481 552 4536 Habebit
574 4483 660 4551 igitur
682 4499 738 4552 quo
759 4500 788 4537 se
811 4484 937 4550 tueatur,
960 4481 1010 4550 qui
1028 4497 1062 4536 ex
1080 4480 1219 4538 Plautinis
1238 4477 1428 4552 1656116661-
