3216 5082
591 385 875 436 svrrnsusnuvu
897 387 919 434 1.
1264 372 1329 438 503

188 534 294 596 essent
321 530 376 615 qui
403 529 639 614 probabiliores
668 529 792 595 scilicet
822 529 988 616 legionum
1016 551 1167 595 numeros
1194 531 1330 616 proclivi

187 636 369 701 coniectura
400 635 572 702 restituere
605 635 747 701 animum
779 635 980 702 inducerent:
1017 659 1082 701 una
1114 636 1199 702 onim
1231 637 1329 702 intar-
1344 667 1379 706 xr

186 743 358 825 punctione
386 743 489 810 altero
522 766 538 808 a
566 744 637 809 loco
670 743 831 808 translata
863 744 898 808 in
930 727 1069 808 alterum¹
1100 743 1188 808 haud
1219 743 1329 827 paullo

186 849 418 916 commodiores
442 871 593 916 numeros
616 850 736 914 dixeris
760 847 913 914 IX·XVI
935 850 1130 934 prodituros,
1162 849 1258 914 Nunc
1276 871 1329 914 au·

186 959 253 1020 tem
275 959 448 1040 postquam
471 956 591 1040 insigni
613 956 730 1020 horum
753 955 935 1020 studiorum
959 956 1114 1021 beneficio
1133 956 1230 1020 fidem
1248 956 1328 1041 lapi-

186 1062 263 1128 dum
292 1063 421 1128 firmare
450 1067 518 1128 tam
551 1067 640 1129 certo
669 1084 766 1147 quam
799 1061 939 1146 simplici
972 1065 1161 1146 ectyporum
1193 1064 1329 1128 artificio

186 1168 365 1253 didicimus,
388 1171 673 1255 prorsus'ineptus
696 1171 741 1236 sit
763 1171 820 1256 qui
842 1171 964 1236 talibus
989 1169 1126 1256 argutiis
1145 1170 1330 1236 delectetur.

185 1275 230 1340 Et
253 1279 345 1342 sexta
364 1276 489 1344 decima
506 1277 684 1345 substituta
702 1277 736 1342 in
756 1278 863 1343 locum
882 1281 992 1344 sextae
1011 1282 1044 1342 et
1062 1277 1234 1342 vicesimae
1254 1277 1329 1362 quid
1424 1365 1427 1372 Ι

185 1382 315 1448 tandem
338 1385 512 1469 proficias?

273 1487 454 1558 Dictator
485 1493 608 1577 igitur
639 1491 682 1557 M.
705 1491 898 1557 Minucius
931 1489 966 1557 Ο.
993 1491 1014 1555 f.
1047 1491 1137 1555 anni
1167 1489 1241 1556 533
1274 1491 1329 1556 ifle

185 1617 249 1680 qua
270 1599 517 1664 necessitudine*
530 1621 603 1664 cum
622 1598 742 1663 ceteris
766 1597 910 1664 eiusdem
931 1598 1049 1663 aetatis
1067 1595 1220 1662 Minuciis
1238 1596 1328 1662 Rufis

185 1701 399 1783 contineatur,
426 1705 579 1789 quoniam
608 1705 660 1769 avi
687 1725 806 1768 nomen
828 1703 976 1777 additum
1003 1725 1068 1768 non
1092 1707 1142 1768 ast
1164 1703 1198 1766 in
1220 1703 1329 1786 lapide

184 1808 347 1894 Romano,
378 1832 444 1876 non
476 1813 557 1876 satis
590 1813 799 1895 compertum.
848 1809 961 1875 Potuit
992 1809 1047 1874 ille
1075 1812 1132 1874 aut
1159 1809 1227 1874 eius
1255 1808 1329 1874 Gaii

185 1915 272 1979 filius
296 1937 375 1996 esse,
399 1938 493 2001 quern
516 1915 635 1982 Lucius
658 1915 761 1982 Marci
786 1915 926 1982 consulis
948 1919 1041 2000 pater
1061 1919 1188 2001 patrem
1205 1916 1329 2002 habuit,

186 2024 243 2085 aut
271 2022 339 2088 eius
368 2023 423 2107 qui
447 2021 528 2089 Gaio
557 2023 616 2088 illo
644 2026 824 2109 prognatus
851 2026 945 2107 pater
969 2021 1078 2100 Quinti
1107 2017 1249 2090 consulis
1277 2045 1327 2090 ex·

185 2128 280 2213 stitit,
302 2129 334 2195 h.
349 2152 374 2195 5.
394 2129 485 2196 Lucii
508 2135 565 2196 aut
587 2131 689 2197 frater
710 2134 766 2196 aut
784 2152 823 2195 ex
841 2129 941 2195 fratre
960 2152 1076 2215 nepos:
1099 2129 1132 2196 id
1150 2130 1235 2215 quod
1253 2129 1328 2198 lice-

183 2235 233 2300 bit
256 2237 438 2302 stemmatis
462 2237 664 2324 geneslogioi
687 2237 739 2302 his
762 2237 918 2321 exemplis
943 2237 1119 2303 declarare:

228 2377 601 2791 (Ex
792 2375 1156 2790 Α

184 2827 249 2882 dict.
265 2833 316 2882 533
1011 2827 1272 3140 Α
1307 2880 1312 2892 ,

388 3166 422 3231 Μ
566 3168 593 3244 Q
785 3169 820 3234 M
985 3171 1019 3236 M
1256 3171 1283 3248 Q

336 3289 392 3326 cos.
408 3277 459 3326 533
515 3287 571 3326 cos.
585 3275 636 3326 557
746 3289 801 3328 cos.
817 3279 868 3328 533
941 3274 1008 3331 dict.
1028 3279 1080 3330 533
1206 3291 1260 3331 cos.
1276 3283 1326 3331 557

295 3359 369 3413 mag.
384 3359 427 3411 eq.
442 3349 493 3397 537
713 3359 787 3413 mag.
803 3360 846 3412 eq.
860 3350 911 3399 537

184 3502 252 3569 Ν55
275 3507 383 3568 utrum
407 3504 472 3568 utri
496 3507 652 3590 praestet,
675 3504 743 3570 ulla
765 3525 838 3569 oum
861 3506 1056 3572 confidentia
1079 3530 1115 3572 ex
1136 3509 1252 3573 aetatis
1272 3531 1326 3573 an-

185 3612 234 3676 nis
253 3610 337 3675 inter
361 3631 394 3673 se
414 3609 551 3675 conlatis
571 3610 706 3696 efficias,
730 3612 859 3696 quando
874 3613 979 3678 maior
997 3613 1142 3679 minorve
1160 3617 1238 3679 natu
1257 3637 1327 3680 csse

183 3718 285 3782 frater
312 3717 413 3781 fratre
440 3717 556 3801 potuit.
607 3717 684 3783 Non
712 3718 818 3803 magis
846 3718 884 3783 de
911 3723 1002 3804 patre
1031 3720 1099 3786 eius
1129 3719 1172 3787 M.
1195 3719 1327 3786 Minucii

184 3824 258 3890 Rufi
281 3827 422 3908 constat,
445 3845 541 3908 quem
565 3829 598 3888 et
615 3829 798 3910 praetorem
817 3847 845 3890 a.
860 3825 923 3890 557
944 3825 1043 3890 fuisse
1066 3831 1099 3891 at
1119 3827 1327 3912 postmodum

185 3933 267 3998 alias
290 3953 342 3996 res
361 3931 500 4015 gessisse
514 3929 627 3996 Liuius
646 3935 760 3998 auctor
778 3934 828 3996 ast
845 3932 865 3995 l.
879 3930 1016 4018 XXXII,
1030 3933 1081 4016 27,
1105 3933 1191 3998 alibi.
1225 3931 1327 4009 Quem

184 4043 237 4106 sat
272 4037 438 4104 commode
475 4043 532 4103 aut
562 4036 663 4104 Marci
696 4039 834 4103 consulis
866 4039 969 4103 filium
1002 4042 1059 4104 aut
1095 4039 1210 4125 (modo
1237 4039 1327 4122 prius
1400 4107 1402 4112 ,

184 4151 323 4212 stemma
345 4143 493 4231 sequare)
513 4143 626 4222 Quinti
649 4143 783 4208 fratrem
802 4145 900 4227 dicas,
922 4145 986 4209 nisi
1009 4145 1111 4230 ipsius
1135 4167 1205 4210 esse
1229 4145 1327 4210 dicta·

185 4256 265 4320 toris
288 4253 374 4319 filius
397 4252 512 4339 possit.

274 4359 478 4426 Dictaturam
494 4359 579 4445 quod
595 4381 694 4444 supra
707 4357 893 4424 dicebamus
912 4381 986 4425 raro
1008 4381 1077 4443 pro
1101 4358 1173 4424 illa
1196 4361 1326 4426 aetate

186 4468 333 4550 exemplo
361 4469 430 4534 viro
458 4489 524 4533 nou
553 4467 715 4534 consulari
743 4465 919 4552 conlatam,
956 4465 1161 4532 mirabuntur
1187 4467 1326 4533 fortasse
