3254 5090
486 399 775 472 ossauvarrosus
799 398 1065 446 ueronrrmcra.
1283 379 1347 444 431

205 539 346 624 lapidem
370 562 440 604 esse
459 563 531 606 cunr
549 543 672 626 primus
692 564 803 606 versus
822 543 1014 626 argumento
1034 541 1084 604 est
1103 559 1198 622 quem
1217 559 1351 621 prorsus

205 647 330 725 omisit,
357 652 428 712 tum
455 649 561 712 exitus
589 649 696 732 quarti
726 649 782 713 ubi
806 646 954 712 HOSTII
977 646 1089 729 edidit,
1122 645 1206 729 quod
1235 645 1350 709 saltem

204 775 274 818 esse
298 753 430 820 HOSTI
453 755 577 837 debuit,
604 755 667 819 fuit
695 754 780 818 haud
805 753 900 818 dubie
923 751 1134 838 Hosrlnd).
1181 751 1351 836 Singulare
1426 750 1429 756 ’

205 883 283 926 sane
311 865 344 925 et
371 860 515 924 insolens
547 860 649 925 videri
681 865 791 944 potest
822 861 856 924 in
890 861 1025 924 eundem
1053 859 1181 944 legendi
1209 881 1351 924 errorem

205 968 367 1032 communi
390 990 467 1032 casu
490 967 665 1032 Matinium
694 971 790 1051 atque
812 967 1008 1052 Dumegium
1031 967 1194 1032 incidisse:
1227 968 1351 1032 nullam

206 1074 290 1138 enim
313 1073 397 1138 hunc
421 1074 686 1147 illiusnotitiam
708 1075 862 1140 habuisse
885 1073 987 1157 ipsius
1012 1074 1140 1138 silentio
1161 1074 1351 1138 credendum
1369 1095 1400 1136 vr

205 1181 277 1264 erit,
300 1182 448 1265 quamvis
473 1182 586 1246 mirari
610 1182 705 1246 liceat
723 1203 817 1246 versu
836 1180 1035 1264 paenultimo
1055 1180 1195 1244 lacerum
1214 1179 1351 1246 M·VA-

205 1286 308 1352 LERI
331 1309 449 1354 nomen
476 1293 545 1352 tam
568 1291 654 1353 recte
678 1311 751 1353 eum
775 1289 844 1352 sine
868 1287 999 1352 Marinii
1026 1287 1174 1370 exemplo
1203 1287 1352 1371 expedire

205 1394 358 1477 potuisse.
404 1393 525 1460 Verum
549 1399 659 1460 tamen
686 1417 746 1460 nec
772 1395 806 1458 in
834 1395 909 1458 aliis
937 1416 1002 1459 non
1030 1393 1150 1458 erravit
1172 1393 1351 1478 Dumegius

206 1505 239 1564 et
259 1502 397 1566 fortasse
416 1506 589 1586 utrumque
607 1525 672 1566 una
690 1525 805 1567 caussa
828 1501 953 1565 fefellit.
991 1501 1117 1584 Quippe
1136 1502 1280 1584 graviter
1298 1500 1352 1564 ille

205 1609 352 1690 peccavit
374 1608 584 1674 P·HOSTIL
613 1611 789 1674 substituto
813 1631 872 1692 pro
895 1607 1125 1672 L-HOSTIL:
1157 1608 1273 1691 levius,
1296 1607 1353 1672 scd

205 1716 352 1798 peccarit
375 1721 485 1780 tamen
507 1717 541 1780 in
562 1713 833 1792 ,lt-FVNDANI,
857 1737 952 1798 quem
976 1715 1060 1778 miro
1083 1717 1266 1779 commento
1288 1714 1352 1778 Ga·
1451 1753 1454 1759 ι

206 1821 316 1886 terium
340 1822 549 1913 frendentum
581 1822 827 1905 interpretatur:
860 1843 992 1904 prorsus
1028 1825 1157 1904 praeter
1188 1843 1299 1886 verum
1328 1819 1353 1885 Ο

206 1927 364 2011 litteram,
392 1928 482 1993 cuius
509 1928 693 1992 inferiorem
721 1931 847 2011 partem
875 1927 1028 1992 inversu
1055 1929 1159 2012 primo
1188 1949 1353 2012 superesse

206 2038 299 2098 acute
322 2033 475 2117 pervidit,
502 2033 536 2098 in
564 2034 627 2098 fine
655 2033 851 2116 conlocavit,
882 2055 963 2118 quae
987 2033 1121 2098 duarum
1149 2039 1277 2100 tantum
1299 2035 1353 2100 lit·

205 2145 348 2206 terarum
371 2140 543 2206 intervallo
572 2141 709 2224 abipso
733 2141 892 2225 principio
915 2140 1000 2206 L·V
1023 2141 1133 2206 distat.
1178 2139 1244 2206 Vbi
1268 2139 1353 2224 quod

197 2237 322 2312 'L-VA
350 2247 570 2314 Mommsenus
603 2249 746 2332 suscepit
778 2253 909 2314 auctore
938 2249 1171 2334 Longperiero,
1207 2250 1354 2333 inspecta

205 2357 318 2422 tabula
340 2361 453 2421 nostra
475 2379 561 2422 nunc
579 2356 782 2441 intellegitur
803 2357 932 2440 quidem
955 2357 1010 2441 qui
1032 2357 1112 2421 illud
1135 2356 1236 2420 videri
1259 2359 1352 2440 potu-

207 2463 269 2526 erit
291 2463 338 2529 ibi
361 2468 501 2545 exstare,
529 2462 585 2526 sed
614 2463 712 2528 etiam
742 2463 859 2528 certius
887 2461 1091 2546 intellegitur
1119 2483 1178 2526 neo
1200 2460 1231 2526 A
1254 2461 1352 2546 scrip-

206 2573 276 2633 tum
307 2569 406 2634 fuisse
437 2573 512 2653 post
535 2569 574 2652 V,
606 2592 665 2633 nec
695 2569 780 2653 quod
810 2570 905 2633 facile
937 2569 1098 2654 quispiam
1130 2567 1353 2652 amplectatur,

206 2675 251 2738 X:
277 2679 392 2740 neutra
419 2677 505 2740 enim
533 2677 644 2740 littera
675 2680 744 2740 tam
777 2679 915 2760 angusto
946 2674 1052 2759 spatio
1080 2675 1228 2740 accedere
1257 2673 1352 2740 adV

206 2782 328 2865 potuit,
360 2783 528 2866 utriusque
556 2787 724 2868 praeterea
756 2805 832 2867 pars
866 2783 1000 2848 sinistra
1031 2781 1133 2846 nimia
1160 2781 1352 2865 obliquitate

206 2894 301 2954 esset.
346 2887 440 2954 Hanc
462 2891 562 2975 igitur
585 2890 690 2974 ipsam
715 2894 843 2975 partem
872 2889 1038 2954 sinistram
1064 2886 1082 2956 >
1109 2888 1257 2953 dubitare
1281 2888 1352 2954 'noli

206 3020 223 3061 e
242 2997 385 3062 fractura
403 2999 511 3082 potius
533 2998 652 3082 lapidis
671 3003 817 3082 repetere
837 3021 933 3082 quam
952 3019 970 3062 e
989 2995 1187 3081 quadratarii
1206 2996 1353 3062 consilio.

206 3103 294 3180 Quae
317 3109 445 3171 restant
468 3105 530 3169 etsi
555 3109 606 3169 sat
629 3105 795 3171 commode
814 3104 933 3170 dixeris
957 3125 974 3168 e
996 3101 1113 3168 L·VV
1137 3102 1251 3168 relicta
1274 3126 1352 3188 esse,

205 3215 314 3276 tamen
338 3211 490 3296 quoniam
514 3211 576 3276 VV
604 3212 787 3277 litterarum
816 3212 1005 3276 societatem
1033 3214 1123 3276 aetas
1146 3209 1203 3274 illa
1226 3232 1352 3276 aversa-

205 3321 267 3401 tur,
289 3318 323 3381 in
346 3318 534 3382 fissurarum
558 3318 800 3402 laceratumque
823 3317 1007 3381 litterarum
1036 3320 1123 3380 strue
1151 3317 1228 3400 ista,
1256 3339 1352 3401 quam

206 3425 294 3488 omni
318 3425 380 3488 fide
404 3445 441 3488 ae
464 3424 621 3509 religione
648 3424 877 3511 lithographus
905 3423 1052 3488 imitatus
1081 3426 1144 3505 est,
1176 3422 1263 3488 haud
1286 3424 1352 3488 scio

206 3552 249 3594 an
271 3530 337 3594 tale
360 3531 467 3614 potius
495 3551 612 3596 nomen
640 3531 743 3596 lateat
770 3531 879 3615 qualia
908 3529 1017 3594 futura
1045 3529 1112 3594 sint
1134 3527 1353 3594 L-VOlceius

209 3633 275 3722 (vel
299 3634 548 3722 L·Vozcaree)
572 3687 579 3700 .
599 3639 647 3718 .f.
671 3644 708 3704 tr.
727 3639 772 3721 pl.
809 3636 930 3712 Quodsi
953 3637 1024 3720 quis
1048 3636 1133 3702 forte
1157 3657 1174 3700 e
1197 3641 1353 3722 quattuor

206 3764 287 3826 quae
320 3763 405 3806 nunc
437 3747 594 3825 apparent
621 3744 714 3808 lineis
747 3745 815 3809 illis
838 3743 899 3808 VX
927 3744 1007 3810 duas
1040 3743 1127 3809 casui
1155 3748 1188 3808 et
1216 3743 1352 3808 iniuriae

204 3853 389 3934 temporum
412 3848 550 3930 tribuat,
573 3853 606 3913 et
627 3851 767 3932 primam
790 3855 823 3914 et
846 3852 989 3936 tertiam,
1012 3851 1060 3916 ita
1082 3871 1277 3934 quamquam
1301 3853 1352 3914 sat

205 3956 387 4042 probabilis
411 3955 516 4040 figura
539 3957 680 4038 supersit
702 3957 891 4023 dimidiatae
911 3957 959 4042 M,
983 3979 1064 4043 quae
1083 3957 1245 4042 pertinere
1264 3958 1352 4022 velut

206 4065 246 4130 ad
273 4061 408 4130 Mallias
438 4083 556 4127 nomen
588 4063 745 4145 potuerit:
786 4067 897 4130 tamen
926 4065 985 4128 tali
1017 4065 1222 4130 coniecturae
1254 4064 1351 4129 inter·

205 4172 337 4256 punctio
360 4171 485 4252 obstat,
509 4191 590 4253 quae
613 4170 698 4234 inter
715 4169 741 4233 L
760 4176 793 4234 et
811 4170 842 4235 V
862 4193 954 4235 suum
973 4173 1078 4236 locum
1104 4171 1246 4237 medium
1265 4176 1352 4237 reete

206 4284 329 4363 servat,
352 4301 372 4344 a
390 4277 424 4342 M
447 4277 558 4342 littera
575 4276 678 4340 nimio
696 4277 867 4341 intervallo
887 4277 995 4344 distat.
1028 4277 1090 4342 Sed
1107 4279 1216 4362 ipsum
1234 4301 1351 4344 nomen
1417 4269 1419 4274 ¹

206 4385 437 4471 qualecumque
460 4384 536 4467 suit,
560 4383 676 4449 similis
700 4383 846 4468 profecto
873 4383 975 4466 ipsius
998 4384 1116 4468 lapidis
1140 4385 1230 4450 labes
1255 4407 1351 4470 quae-

206 4490 294 4574 dam,
316 4491 332 4554 I
354 4492 481 4557 litterae
505 4491 654 4557 fallacem
678 4491 816 4576 speciem
835 4488 990 4573 referens,
1015 4490 1114 4554 etiam
1133 4511 1228 4556 versu
1248 4493 1350 4557 altero
