3116 5066
295 362 356 428 128
569 381 791 429 nouvnunrr
815 379 1053 428 arrosnrrrrol
1077 379 1167 426 rnre.

290 521 326 587 P.
344 521 494 607 Rupilius
517 525 552 588 in
576 523 686 589 Seeilia
709 544 778 588 cam
798 523 940 607 fnpitiois
962 523 1097 607 debellat,
1121 525 1158 586 nt
1180 524 1231 585 est
1253 521 1288 584 in
1311 519 1451 585 Liviani

291 629 369 694 libri
396 628 469 693 LIX
492 630 650 715 epitoma,
681 631 769 696 domi
797 634 923 696 restans
950 629 1107 714 Popillius
1136 628 1273 712 conlega
1300 627 1404 692 laude
1436 647 1454 689 e

292 736 381 819 pacis
405 735 530 801 artibus
553 737 700 822 quaesita
723 737 820 821 longe
840 736 1076 820 amplissimam
1093 735 1176 800 viem
1192 735 1266 815 scell
1286 735 1321 800 in
1343 755 1454 818 eaque

289 843 396 924 foram
425 865 483 908 suo
511 843 642 909 nomine
671 843 871 927 appellatum
901 842 1050 909 condidit
1098 840 1159 917 Qui
1188 841 1215 906 si
1242 841 1349 906 tribus
1381 841 1455 905 fere

293 952 368 1014 ante
399 950 492 1014 annis
521 953 651 1033 praetor
679 949 714 1014 in
738 947 850 1015 Sicilia
874 949 1022 1032 frpllivos
1048 947 1234 1014 Italicorum
1259 949 1455 1030 cmcqaiss'vit

292 1055 478 1140 bellumque
505 1057 742 1142 mancipiorum
770 1056 1010 1122 multitudinem
1039 1055 1178 1122 dominis
1206 1057 1273 1121 suis
1300 1057 1453 1132 reddidit,

292 1163 326 1228 id
343 1186 409 1230 non
428 1165 649 1230 disconvenire
667 1165 701 1228 in
720 1164 822 1248 ipsius
841 1162 919 1228 belli
937 1164 1064 1229 servilis
1083 1164 1226 1228 rationes
1241 1163 1453 1248 aliquamdiu

292 1270 374 1336 mihi
397 1271 502 1338 visum
526 1276 585 1336 est
621 1271 708 1338 Nam
731 1270 770 1336 dc
789 1270 1008 1356 rebusgestis
1027 1271 1102 1335 enni
1122 1269 1187 1336 620
1210 1289 1282 1335 enm
1306 1269 1357 1334 sic
1382 1292 1453 1334 me—

293 1377 415 1442 moriae
444 1377 554 1462 prodit
577 1375 716 1442 Liviana
744 1378 887 1461 epitoma
914 1376 990 1442 libri
1012 1373 1102 1442 LVI:
1134 1377 1246 1442 bellum
1271 1377 1387 1442 servile
1416 1379 1453 1441 in

292 1483 404 1550 Sicilia
430 1490 532 1549 ortam
559 1505 628 1549 cam
655 1486 790 1568 opprimi
818 1505 840 1548 o
860 1485 1103 1567 praetoribus
1132 1503 1196 1548 aco
1217 1485 1386 1566 potuisset,
1419 1483 1452 1548 C.

292 1590 409 1656 Fulvio
434 1592 553 1657 consuli
579 1593 762 1656 mundatum
789 1596 845 1670 cst,
877 1611 943 1657 non
967 1613 1044 1656 saue
1071 1591 1254 1656 necessario
1277 1591 1453 1676 significat

293 1699 405 1764 codem
434 1721 520 1765 anno
548 1703 672 1764 ortum:
701 1721 761 1764 nec
790 1698 958 1784 distincte,
987 1719 1051 1783 quo
1079 1719 1164 1763 anno
1197 1699 1368 1780 exarserit,
1408 1700 1451 1762 ab

293 1806 365 1871 aliis
397 1806 553 1872 traditum
582 1806 721 1871 invenie.
767 1805 828 1871 Sed
855 1805 942 1870 idem
965 1809 1075 1870 tamen
1103 1805 1246 1870 monitus
1269 1805 1310 1869 ab
1335 1807 1451 1870 amico

292 1935 378 1979 nunc
405 1934 472 1977 non
498 1913 576 1978 belli
604 1915 712 1998 potius
741 1934 839 1996 quem
869 1914 958 1999 pacis
987 1911 1256 1998 significationem
1285 1911 1370 1995 ipsis
1402 1914 1451 1978 irr—

293 2019 480 2104 scriptionis
513 2019 621 2084 verbis
649 2019 720 2084 fieri
748 2020 902 2104 concedo,
940 2019 996 2084 sed
1027 2019 1119 2102 pacis
1149 2039 1251 2103 prope
1284 2019 1450 2086 saevioris

292 2127 388 2192 bello.
420 2125 501 2191 Cum
524 2127 610 2191 enim
633 2127 712 2192 illud
736 2127 814 2211 qnid
833 2127 895 2192 sibi
915 2125 1012 2192 vellet
1030 2148 1096 2192 non
1115 2126 1195 2190 estis
1213 2125 1449 2212 perspicerem,

292 2233 394 2318 qnod,
415 2255 488 2298 cnm
511 2233 546 2297 P.
563 2233 742 2324 Popillium
766 2257 900 2300 nossem
925 2233 1132 2319 optimatium
1157 2233 1450 2317 studiosissimum,

293 2341 501 2406 Gracchanae
525 2344 633 2406 autem
655 2340 806 2406 factionis
831 2341 1049 2406 adversarium
1072 2341 1169 2427 longe
1191 2341 1450 2427 atrocissimum,

288 2447 378 2512 -idem
401 2451 511 2512 tamen
531 2448 639 2528 salsae
660 2447 778 2514 dicitur
799 2453 835 2513 ul
856 2449 893 2513 dc
914 2467 989 2531 apro
1007 2447 1129 2529 publico
1148 2447 1324 2514 arearum
1338 2455 1449 2532 paste-

291 2576 341 2621 ccs
362 2556 504 2638 cederent,
527 2576 590 2639 quo
614 2576 681 2620 non
703 2555 812 2640 potuit
833 2575 899 2620 nou
922 2554 1002 2638 ipsis
1026 2553 1224 2638 pauperibus
1247 2555 1450 2639 gratificari:

292 2662 371 2748 quid
393 2663 462 2728 eius
490 2663 538 2728 rei
560 2667 647 2728 esset
669 2684 687 2728 e
709 2661 910 2729 Mommseno
934 2661 1130 2746 sciscitatus,
1157 2661 1225 2727 tale
1248 2683 1448 2746 responsum

292 2771 355 2835 tuli
383 2793 447 2854 quo
479 2792 546 2835 non
571 2769 652 2834 haec
679 2773 809 2834 tantum
836 2768 998 2834 dubitatio
1028 2769 1219 2852 dilueretur,
1252 2769 1308 2834 sed
1342 2771 1448 2836 etiarn

293 2879 418 2962 reliqua
441 2899 522 2962 qnae
547 2899 646 2960 supra
668 2875 790 2962 scripta
818 2880 868 2942 est
895 2876 1133 2960 argumentatio
1162 2875 1297 2942 mirifice
1325 2879 1448 2943 contir-

231 3033 235 3052 .
294 2987 445 3050 meretur.
495 2983 582 3059 Quas
609 2983 737 3048 litteras
766 2984 793 3048 si
821 3005 894 3048 cum
921 2983 1036 3048 barum
1069 3005 1178 3048 rerum
1207 2983 1344 3048 curiosis
1377 3007 1447 3051 non

293 3091 542 3175 communicem,
564 3090 738 3156 verendum
762 3091 806 3155 sit
827 3111 868 3155 ne
887 3089 926 3154 de
944 3089 1026 3175 ipsis
1044 3089 1163 3154 litteris
1185 3091 1270 3154 male
1289 3111 1447 3158 meream.

294 3197 400 3283 Igitur
422 3198 469 3263 sic
491 3198 560 3262 ille:

384 3303 457 3370 ‘ch
484 3305 573 3370 kann
600 3304 635 3370 in
663 3305 720 3369 der
746 3305 939 3387 conquisitio·
946 3304 1145 3386 serpillum
1171 3302 1290 3368 keinen
1313 3303 1447 3370 Beweie

294 3411 347 3477 fur
374 3411 426 3477 die
453 3411 699 3498 Kriegllibrung
728 3412 848 3496 finden,
880 3409 1020 3476 sondern
1046 3410 1123 3474 cher
1150 3409 1207 3474 das
1237 3409 1447 3497 Gegentbsil,

294 3520 366 3584 eine
394 3520 595 3604 grossarbge
623 3519 811 3604 Treibjagd‚
846 3519 911 3583 wic
936 3517 983 3582 sie
1006 3518 1039 3582 in
1070 3516 1225 3582 kleinerm
1252 3513 1446 3584 Maaestabe

268 3627 380 3692 obus
404 3625 534 3692 Zweifel
553 3627 645 3710 jeder
665 3626 749 3692 chat
725 3630 793 3712 lige
811 3625 946 3690 Beamte
969 3626 1003 3690 in
1026 3625 1089 3690 den
1107 3623 1295 3708 Provinzen,
1318 3625 1446 3690 welche

255 3755 280 3794 re
295 3734 364 3800 sich
384 3733 600 3819 qualificirten
624 3757 679 3800 zur
698 3731 840 3818 Bildung
864 3754 927 3798 von
940 3731 1200 3798 Rduberbanden
1222 3731 1289 3796 und
1307 3730 1445 3798 Bnudcn

295 3841 497 3907 entlaufencr
519 3839 672 3926 Sldaven,
703 3839 887 3926 alljtthrlieh
914 3839 1004 3905 hielt.
981 3837 1204 3924 tDagcgen
1230 3839 1286 3902 bin
1315 3839 1406 3904 ich
1396 3861 1444 3906 nn

294 3949 446 4016 Resultat
431 3953 547 4035 tgana
566 3893 813 4015 einveistanden
832 3947 896 4014 und
915 3947 1036 4031 plaute
1050 3947 1227 4032 allerdings
1249 3945 1341 4030 anm,
1365 3947 1444 4012 dass

295 4057 395 4122 durch
429 4056 499 4122 cine
528 4057 632 4122 selten
659 4053 939 4122 wiedcrlrehrende
968 4053 1121 4140 gdnstige
1144 4051 1284 4139 ngung
1308 4075 1342 4118 es
1371 4053 1443 4119 sich

294 4161 365 4228 hier
396 4163 565 4229 bestimmt
593 4162 795 4228 nachwcisen
828 4161 924 4246 ldsst,
957 4160 1031 4226 dass
1064 4158 1124 4223 der
1148 4155 1239 4224 Stein
1271 4181 1337 4226 von
1367 4159 1443 4226 dem

295 4267 416 4336 Consul
439 4271 473 4336 P.
493 4271 651 4356 Popillius
673 4269 738 4334 622
761 4267 923 4334 herrtlbrt.

386 4377 419 4463 1)
442 4378 527 4444 Desa
550 4378 607 4444 der
625 4377 809 4462 Megiatrel,
832 4375 889 4440 der
907 4375 958 4440 die
977 4373 1139 4440 chausses
1159 4373 1266 4458 bauto,
1290 4371 1443 4442 encen-

296 4485 346 4552 sul
370 4507 459 4570 werf
473 4485 580 4550 huben
604 4485 657 4551 Sic
681 4485 743 4550 mit
766 4483 884 4550 vollem
907 4481 1032 4548 Rechts
1055 4504 1113 4547 eus
1136 4482 1193 4546 der
1216 4480 1395 4548 Antithese·
1414 4487 1444 4546 et
