3216 5082
569 393 852 444 svesunnanrvn
875 395 920 442 iv.
1253 379 1317 444 543

165 559 239 603 non
262 559 370 622 saepe,
398 537 636 625 diphthongum
661 540 763 604 dativi
791 539 989 622 ablativique
1012 539 1153 623 plurales
1172 542 1317 604 tuentur:

165 667 237 710 non
265 645 313 710 illi
342 646 471 729 quidem
499 647 534 712 in
560 647 789 730 nobilissimis,
821 669 903 732 quae
930 646 1052 712 maiore
1081 647 1203 712 ambitu
1233 649 1319 730 sunt,

165 753 391 818 monumentis
414 753 555 837 publicis
574 753 736 837 plerisque
752 753 938 839 Augusteae
962 753 1080 818 aetatis
1103 758 1140 818 ut
1158 755 1193 818 in
1212 753 1317 819 edicto

164 857 372 942 Venafrano,
406 859 628 924 ‘monumento
651 859 839 942 Aneyrano'
871 863 903 924 et
930 860 1105 944 similibus,
1137 860 1171 925 in
1200 861 1318 944 quibus

165 988 268 1050 quam
292 967 403 1032 oreber
425 958 443 1029 I
466 967 583 1050 longae
611 988 702 1050 usus,
729 969 796 1030 tam
825 967 866 1032 ab
896 965 1015 1032 eisdem
1043 967 1150 1034 aliena
1178 989 1249 1032 erse
1271 967 1317 1032 Ill

165 1073 395 1159 diphthongus
419 1074 515 1140 solet:
539 1074 595 1138 sed
618 1076 726 1138 tamen
750 1074 783 1140 in
802 1073 1053 1157 ignobilioribus
1072 1073 1159 1140 haud
1178 1074 1224 1138 ita
1242 1095 1317 1158 pau-

166 1181 231 1262 cis,
258 1203 394 1264 quorum
419 1180 567 1264 exempla
591 1179 747 1264 quaedam
775 1179 974 1246 notabiliora
1001 1179 1088 1244 inira
1115 1180 1218 1264 posui.
1265 1177 1318 1244 sic

166 1288 250 1353 anni
271 1289 332 1352 727
358 1309 451 1354 araus
474 1285 683 1369 triumphalis
699 1285 913 1352 Ariminensis
928 1286 1094 1352 Or.·Henz.
1110 1287 1198 1352 5360
1218 1287 1316 1370 scrip-

165 1400 239 1459 tum
275 1394 406 1460 exhibet
439 1391 793 1460 onnnnnnfflnals
813 1428 819 1442 ·
839 1385 1020 1460 ITALIAE
1042 1430 1048 1441 ·
1068 1392 1211 1458 vlnls-
1243 1444 1249 1458 .
1278 1443 1285 1457 .
1310 1415 1351 1459 ,v

166 1499 365 1584 tradentem,
390 1523 475 1566 anno
494 1501 557 1564 732
576 1500 738 1584 posterior
756 1500 870 1564 titulus
885 1500 1051 1566 Atinensis
1074 1500 1098 1564 I.
1117 1499 1155 1564 R.
1173 1500 1214 1566 N.
1228 1499 1316 1566 4545

167 1605 353 1674 SACREIS
368 1643 375 1657 ·
390 1605 640 1690 anarrinon,
662 1644 705 1652 -
729 1608 805 1672 anni
826 1608 890 1672 742
910 1606 1120 1674 (tortonensis
1144 1608 1228 1691 apud
1249 1607 1316 1671 Ma-

166 1714 289 1778 rinium
321 1713 424 1778 Fratr.
453 1714 563 1778 Arvsl.
596 1737 625 1796 p.
647 1705 710 1778 782
739 1711 1315 1788 EVMQVnnT-POSTEREIS-
1590 1761 1591 1806 ἒ

165 1819 271 1886 EIVS
287 1856 293 1868 ·
309 1819 394 1886 SIBI
410 1855 415 1867 ·
430 1811 728 1895 Posrniilsovn
745 1818 905 1903 -svn183
930 1856 971 1865 -
996 1820 1072 1884 anni
1096 1820 1159 1884 749
1182 1819 1316 1903 Aquila·

168 1951 233 1994 nus
253 1927 306 1993 Or.
324 1928 408 1994 1639
429 1927 466 2006 [I.
486 1926 523 1990 n.
541 1924 581 1990 N.
596 1927 697 2006 5728]
721 1924 957 2011 LYMPHEIS;
982 1933 1026 1974 -ὲ
1048 1927 1127 1992 item
1151 1926 1227 1990 anni
1253 1927 1314 1990 757

167 2035 413 2118 ‘cenotaphium
435 2031 602 2098 Pisanum'
626 2031 679 2097 Or.
699 2033 773 2115 643,
802 2033 901 2096 semel
929 2033 963 2098 in
987 2037 1080 2098 tanta
1103 2032 1317 2117 multitudine,

166 2141 217 2224 ΙΙ,
236 2141 266 2206 9.
292 2142 333 2206 10
355 2139 592 2206 DEVIOTEIS
603 2176 609 2188 ·
621 2138 710 2206 AVT
722 2174 728 2187 ·
739 2136 787 2202 IN
798 2173 803 2186 ·
816 2137 952 2204 FIDEM
963 2175 969 2186 ·
980 2131 1190 2205 RECEPTIS
1202 2175 1209 2187 ·
1219 2137 1317 2204 Ban-

167 2245 451 2312 LICOSISSIMIS
463 2283 468 2295 ·
479 2247 536 2312 Ac
552 2283 557 2295 ·
573 2245 786 2312 MAXSIMIS
801 2282 808 2294 ·
824 2244 1043 2312 GENTIBVS
1067 2243 1128 2331 (sio
1156 2247 1242 2312 enim
1270 2248 1316 2312 ibi

168 2355 327 2439 seriptum
353 2353 488 2440 exstat);
512 2391 554 2400 -
579 2355 669 2418 obitu
694 2353 834 2438 Augusti
858 2354 949 2437 prior
970 2353 1133 2439 Ephesius
1157 2353 1209 2418 Or.
1232 2353 1316 2418 1949

168 2460 257 2549 (ooll.
281 2462 380 2527 Hena.
403 2484 435 2545 p.
452 2462 512 2526 167
538 2457 587 2540 [Ο.
606 2459 630 2522 I.
651 2459 684 2524 L.
708 2459 799 2544 111,1
826 2482 856 2524 n.
872 2459 966 2544 424])
991 2458 1316 2534 onnnnnlsovn·

167 2565 566 2634 manns-svnt&
603 2602 640 2612 —
675 2588 738 2649 quo
771 2565 852 2630 adde
886 2566 988 2630 multo
1020 2567 1208 2650 posterioris
1240 2567 1317 2630 anni

169 2675 237 2741 854
264 2679 429 2759 tamquam
457 2673 636 2738 solitariam
665 2672 861 2755 scripturam
885 2670 1054 2738 clitonis
1083 2695 1100 2736 e
1123 2672 1236 2738 tabula
1259 2674 1317 2737 ali-

169 2781 331 2846 mentaria
358 2780 595 2846 Baebiunorum
624 2777 664 2864 (I.
686 2778 723 2844 R.
747 2777 788 2843 N.
814 2778 913 2864 1354)
941 2779 988 2862 II,
1015 2781 1068 2861 12,
1095 2779 1159 2846 nisi
1188 2779 1316 2863 quidem
1439 2803 1445 2816 ·

169 2889 216 2954 ibi
240 2889 279 2953 de
301 2891 415 2954 circeos
437 2887 638 2954 nominativo
659 2887 821 2972 quispiam
840 2886 1046 2972 cogitabit.*)
1081 2885 1247 2952 Aoeednnt
1264 2887 1315 2952 his

170 2995 322 3061 omnibus
350 2995 505 3080 peculiari
533 2995 669 3062 oonsilio
697 2994 732 3060 in
759 2995 922 3060 indicibus
945 2995 1197 3080 triumphalibus
1222 2991 1315 3078 Capi·

170 3103 298 3187 tolinis,
321 3105 376 3187 qui
399 3126 464 3168 non
487 3104 591 3168 multo
615 3106 691 3187 post
709 3125 828 3168 annum
845 3103 909 3167 735
928 3103 1048 3168 litteris
1067 3102 1211 3168 mandati
1231 3104 1315 3184 sunt,

170 3211 431 3276 constantissime
455 3211 576 3276 servati
599 3209 734 3274 ablativi
759 3210 792 3272 in
815 3209 885 3272 nis
909 3213 1075 3274 exeuntes:
1098 3207 1316 3272 lin-Erav-

108 3391 111 3398 .
171 3312 291 3378 Sonls
314 3311 378 3398 (bis
402 3306 643 3398 nrnvsols),
673 3306 978 3395 DII-SABINEIS,
1006 3313 1065 3378 DE
1081 3311 1317 3396 -vonsonm,

172 3418 230 3482 DE
242 3454 248 3466 ·
260 3418 458 3503 AEQVEIS,
481 3415 730 3502 HERNIOEIS,
749 3417 934 3482 GALLEIS
949 3424 1078 3502 atquae
1098 3424 1174 3484 sunt
1192 3420 1317 3503 reliqua

170 3524 433 3608 innumerabilia,
459 3525 492 3588 in
517 3526 634 3609 quibus
657 3547 697 3590 ne
722 3525 822 3590 semel
846 3525 972 3608 quidem
997 3525 1133 3608 simplex
1158 3525 1198 3590 IS
1218 3527 1316 3610 florip-

171 3633 245 3695 tura
268 3635 415 3714 apparet:
444 3631 477 3696 id
501 3632 585 3715 quod
610 3627 649 3696 ex
673 3631 879 3716 apertissima
905 3631 1087 3696 imitatione
1111 3631 1315 3716 antiquitatis

171 3737 389 3822 repetendum.
427 3738 519 3814 Quod
543 3742 656 3802 contra
679 3739 790 3804 eadem
813 3737 859 3802 nl
882 3737 1085 3824 diphthongo
1109 3761 1242 3823 prorsus
1267 3761 1316 3804 oa·

172 3849 246 3910 rent
263 3845 342 3910 fasti
361 3845 554 3910 consulares.
570 3883 608 3892 —
629 3845 681 3910 Ex
694 3846 747 3912 his
765 3846 866 3930 igitur
881 3847 1030 3912 omnibus
1046 3847 1119 3930 oapi
1133 3846 1316 3912 coniectura

172 3957 295 4038 potest,
314 3953 366 4017 oui
385 3951 452 4016 lere
472 3953 572 4018 aetati
591 3954 625 4018 in
644 3954 822 4038 parietibus
837 3953 1042 4038 Pompeianis
1062 3953 1211 4037 inseripti
1227 3953 1316 4018 tituli

260 4148 286 4218 *)
307 4146 462 4217 ‘Exemplis
477 4146 523 4200 hio
538 4146 699 4215 compositis
713 4147 785 4202 adde
804 4164 819 4200 e
838 4147 914 4202 tituli
932 4147 1065 4216 Romani,
1086 4148 1121 4202 ad
1140 4165 1243 4202 annum
1264 4152 1314 4201 742

171 4237 295 4294 Hannoni
317 4235 394 4292 felici
417 4235 545 4290 acumine
568 4235 651 4290 relati
674 4235 703 4288 in
724 4235 830 4288 ‘Bullet
843 4235 900 4289 ino'
930 4237 997 4290 Inst.
1021 4237 1096 4290 arob.
1116 4253 1141 4292 a.
1158 4241 1225 4291 1863
1249 4255 1275 4306 p.
1290 4242 1316 4302 9,

172 4347 197 4383 v.
213 4335 254 4386 10.
276 4333 309 4382 14
332 4327 438 4398 scripta
461 4323 706 4380 PROMERITEIS
731 4325 760 4378 et
782 4321 1005 4378 LAMENTIIIS:
1033 4324 1213 4394 indidemque
1236 4343 1261 4381 v.
1283 4332 1313 4379 11

171 4417 291 4486 petitum
310 4413 482 4485 PREIVAT,
502 4431 565 4468 enm
585 4411 753 4468 calvinus
772 4413 911 4483 scriptura
929 4413 1148 4469 eonferendum’
1184 4414 1315 4470 Adden-

26 4519 30 4530 ·
171 4505 249 4558 dnm
268 4523 294 4574 p.
315 4506 414 4562 XVIII.
