3116 5066
511 375 662 424 rrrvnrs
685 376 892 424 inarmans.
1179 347 1183 354 ’
1207 359 1267 422 171

212 517 359 582 Tertium
390 518 442 583 his
470 518 503 584 in
532 519 645 584 eodem
672 519 769 585 titulo
793 519 975 603 exemplum
1000 515 1122 581 accedit
1145 514 1270 580 GALE-

10 601 11 604 ,
131 623 312 690 OANDAM
340 647 399 710 pro
427 627 622 693 calcandam:
651 628 685 692 in
715 648 776 712 quo
800 625 958 691 vocabulo
982 623 1136 689 omissam
1159 644 1269 705 synco-

129 754 199 815 pam
222 733 327 816 ipsius
351 735 430 798 artis
455 755 541 818 usus,
564 735 633 800 sive
657 734 822 818 opificium
846 732 951 796 dicere
976 730 1090 815 malas,
1119 753 1177 814 per
1201 730 1269 795 lon-

131 840 196 923 gius
224 847 353 924 tompus
380 840 547 906 stabilivit.
592 841 630 906 Id
665 841 751 906 enim
778 840 825 904 ita
856 860 926 904 esse
959 839 1039 902 satis
1070 837 1272 920 intellegitur

130 945 245 1028 triplici
271 945 358 1010 Festi
386 947 593 1032 testimonio,
621 949 703 1014 unde
731 947 853 1014 Paulus
881 945 1043 1030 profectus
1072 967 1102 1028 p.
1125 945 1167 1008 47
1191 943 1271 1008 haec

134 1054 246 1135 posuit:
271 1054 433 1118 collecta
455 1055 597 1136 aedificia
618 1054 699 1118 calce
714 1055 825 1137 polita,
848 1053 966 1116 itcrum
985 1074 1016 1135 p.
1035 1051 1076 1114 59
1096 1054 1272 1117 calleatis

135 1159 205 1223 ala
221 1161 338 1244 politis,
360 1161 461 1226 tertio
484 1161 556 1227 loco
580 1184 610 1244 p.
635 1161 676 1226 lb
699 1161 945 1226 decalicatam
972 1161 1053 1225 calce
1075 1163 1177 1240 litam,
1202 1161 1270 1244 qui-

138 1263 261 1331 buscum
292 1268 357 1332 iam
389 1268 446 1332 alii
468 1267 586 1333 Isidori
610 1268 796 1354 Placidique
820 1269 947 1354 glossas
971 1270 1177 1335 contulerunt
1200 1271 1271 1338 ‘da-

10 1367 11 1398 ‘
141 1373 228 1438 calco
254 1373 371 1440 dcalbo'
403 1379 435 1439 et
462 1373 678 1442 ‘decalcatas
704 1378 741 1441 de
767 1376 846 1442 calca
871 1373 1005 1460 albatis’‚
1032 1376 1140 1460 ipsum
1164 1379 1271 1445 autem

142 1477 358 1546 Aletrinatium
388 1483 519 1548 titulum
542 1483 584 1548 ab
608 1481 692 1548 Aldo
716 1483 862 1549 Manutio
890 1485 925 1553 P.
949 1481 971 1549 f.
994 1489 1163 1568 acceptum
1187 1486 1270 1552 Iose-

142 1583 212 1666 phus
235 1585 379 1674 Scaliger
401 1589 593 1672 composuit.
690 1579 692 1582 ⁵

216 1693 326 1760 Monet
348 1699 458 1760 autem
482 1691 593 1762 eadem
615 1697 811 1762 amandam
834 1697 948 1781 forma,
971 1701 1008 1762 ut
1031 1697 1069 1762 de
1089 1699 1270 1784 antiquiore

142 1797 165 1861 E
186 1822 240 1884 pro
262 1800 277 1866 Ι
296 1801 406 1867 littera
429 1803 555 1868 dicatur
578 1805 629 1869 vel
654 1804 731 1870 alibi
755 1803 840 1868 dieta
859 1805 893 1868 in
911 1804 1102 1868 memoriam
1122 1825 1270 1871 revocen-

142 1909 194 1971 tur.
239 1907 340 1985 Quam
372 1909 405 1972 in
437 1907 500 1972 hac
530 1909 601 1993 ipsa
634 1931 711 1975 voce
744 1910 778 1974 in
807 1908 896 1974 Festi
925 1908 970 1994 (h.
999 1931 1024 1973 e.
1052 1908 1159 1995 Pauli)
1186 1910 1271 1978 libro

144 2015 347 2081 vetustissimo
372 2015 527 2099 scriptam
552 2037 586 2080 sc
610 2018 791 2101 repperisse
816 2014 993 2082 Salmasius
1017 2015 1158 2083 Plinian.
1185 2041 1272 2084 exer·

10 2143 11 2148 ¹
135 2117 220 2202 ¹eilrat.
241 2144 270 2206 p.
292 2124 356 2189 868
388 2126 541 2206 testator,
570 2123 703 2188 calceata
726 2128 758 2188 et
785 2125 986 2189 decalecalam
1014 2124 1103 2190 illinc
1127 2125 1273 2192 afferens.

10 2245 11 2318 ᾗ
143 2223 185 2290 De
205 2249 239 2293 eo
262 2229 363 2315 igilur
381 2249 507 2314 genere,
530 2229 619 2294 cuius
639 2234 807 2314 praeterea
826 2229 1020 2296 SOLEDAS
1040 2233 1072 2294 et
1089 2231 1272 2297 MERETA

144 2336 258 2400 suntin
282 2337 344 2402 hoc
366 2337 474 2420 titulo,
498 2337 538 2400 ad
562 2336 762 2422 epigramma
786 2335 946 2403 Soranum
969 2361 999 2422 p.
1026 2338 1067 2402 15
1083 2333 1136 2422 sq.
1161 2341 1274 2424 [supra

142 2459 167 2520 p.
190 2442 488 2530 1321dixi‚ipsius
513 2444 589 2508 anni
618 2444 746 2508 circiter
768 2445 834 2508 620
857 2445 976 2508 finibus
1001 2443 1069 2507 eius
1093 2465 1187 2508 usum
1209 2450 1273 2508 ter·

142 2545 268 2613 minans:
299 2554 396 2635 atque
425 2549 595 2615 MERITA
626 2551 692 2614 iam
721 2550 822 2615 habes
849 2551 884 2614 in
912 2550 994 2634 legis
1022 2548 1273 2630 repetundarum

143 2651 296 2721 simillima
328 2656 469 2722 formula
501 2656 622 2721 AERA
641 2693 648 2706 ·
669 2654 973 2732 STIPENDIAQac
991 2689 997 2702 ·
1013 2653 1177 2718 OMNIA·
1196 2654 1274 2718 ME-

141 2755 254 2826 RITA·
278 2761 410 2829 SVNTo
434 2767 454 2844 ξ
474 2765 525 2828 24.
571 2762 721 2829 Ceterum
745 2763 812 2828 illic
836 2784 908 2827 cum
931 2761 1098 2848 proximae
1120 2763 1197 2845 post
1219 2783 1274 2825 an·

138 2885 206 2932 num
229 2869 293 2934 620
323 2871 440 2935 aetatis
463 2871 517 2934 vix
544 2871 608 2934 tria
635 2891 686 2935 me
716 2869 863 2953 exempla
890 2867 1074 2933 meminisse
1104 2869 1222 2932 servati
1245 2867 1273 2932 E

137 2975 200 3038 soni
223 2977 351 3062 scripsi,
379 2977 418 3040 de
441 2977 530 3042 brevi
553 2977 658 3042 vocali
681 2976 837 3062 cogitavi,
859 2998 926 3040 non
949 2975 988 3039 de
1011 2975 1168 3058 producta
1191 2997 1273 3060 quae

135 3077 194 3144 fuit
213 3082 258 3146 EI
283 3083 464 3167 scripturae
488 3084 625 3149 vicaria:
648 3105 724 3146 nam
748 3082 844 3146 buius
864 3103 940 3146 sane
961 3081 1055 3165 plura
1073 3081 1220 3165 exempla
1239 3081 1273 3145 in

136 3191 281 3271 promptu
305 3193 390 3272 sunt,
419 3194 455 3254 ut
476 3187 583 3253 IVRE
607 3187 835 3253 DEIOVNDO
860 3189 892 3252 in
915 3186 1166 3270 repetundarum
1190 3187 1271 3270 lege,
1285 3201 1342 3240 nv

136 3287 304 3358 VETERE
335 3296 368 3359 in
402 3296 530 3381 agraria
558 3298 578 3374 ξ
603 3295 636 3378 6,
664 3291 879 3359 PAPERIVS
909 3293 1028 3357 ibidem
1058 3295 1077 3372 ἓ
1105 3293 1148 3356 42
1179 3293 1274 3374 inque

135 3395 320 3466 declanensi
343 3401 368 3465 I.
392 3401 429 3466 R.
453 3403 492 3466 N.
520 3401 604 3466 1094
632 3401 708 3464 anni
732 3401 797 3464 625
827 3398 875 3480 [G.
899 3398 923 3462 Ι.
946 3397 980 3462 L.
1003 3397 1020 3460 I
1043 3419 1073 3460 n.
1098 3397 1171 3462 554.
1195 3397 1275 3471 5553

136 3499 168 3565 Ρ.
188 3503 221 3569 L.
243 3505 284 3573 Μ.
309 3507 347 3572 E.
370 3508 436 3572 tab.
459 3505 517 3572 LV
537 3506 614 3572 Oet
636 3506 693 3589 D],
716 3503 853 3570 DEDIO
878 3503 955 3590 (huo
979 3503 1065 3566 enim
1090 3503 1174 3566 valet
1197 3501 1274 3566 DII-

136 3603 220 3697 DIO)
242 3615 276 3678 in
298 3612 461 3698 Caprensi
485 3615 571 3680 3569
596 3615 672 3680 anni
697 3613 761 3678 656
786 3610 835 3694 [O.
859 3610 883 3676 I.
906 3611 942 3674 L.
966 3611 982 3675 I
1006 3633 1036 3675 n.
1060 3611 1153 3693 570],
1182 3614 1217 3674 ut
1241 3610 1274 3672 in

102 3717 108 3730 “
137 3711 184 3777 his
201 3739 281 3784 nunc
307 3721 492 3786 subsistam.

219 3822 394 3910 Aliquanto
414 3827 544 3911 diutius,
563 3847 659 3911 quam
678 3849 737 3910 pro
752 3827 842 3892 brevi
856 3827 869 3890 c'
883 3828 1044 3890 serratam
1059 3823 1097 3904 E,
1112 3823 1144 3885 in
1161 3821 1275 3884 mediis

139 3931 294 3997 vocabulis
314 3931 341 3996 0
361 3935 518 3998 mansisse
537 3955 596 4018 pro
615 3931 846 4018 recentioraV,
865 3931 985 3996 ibidem
1005 3929 1206 4013 disputatum
1226 3930 1276 3990 est

139 4053 167 4113 p-
187 4037 223 4101 15
247 4040 357 4124 [supra
380 4063 410 4124 p.
432 4041 492 4105 131
515 4043 583 4126 sq.].
630 4039 735 4116 Quare
759 4061 830 4103 cum
853 4039 947 4102 facile
971 4035 1131 4122 quispiam
1151 4031 1275 4096 ΡΟΡΟ-

140 4136 214 4205 LVS
236 4145 342 4228 potius
362 4167 457 4210 versu
481 4147 681 4230 paenultima
711 4145 869 4232 scriptum
892 4145 1055 4226 exspectet
1078 4137 1189 4236 (quam
1215 4141 1275 4204 for-

143 4265 220 4313 mam
245 4275 317 4317 enm
338 4255 497 4337 praeatum
521 4253 588 4317 laic
612 4254 707 4333 sonas
730 4251 919 4316 Victorinus
947 4271 977 4332 p.
996 4249 1083 4312 2458
1112 4245 1275 4332 sociat*))›

148 4359 346 4378 Ἢ

222 4407 246 4477 *)
263 4409 478 4479 Corruptissima
496 4409 581 4463 verba
595 4407 731 4462 Victorini
750 4408 818 4462 alibi
833 4407 982 4462 emendata
995 4404 1076 4458 dabo.
1090 4435 1119 4445 —
1132 4405 1163 4458 ln
1178 4403 1275 4457 eadem

149 4503 232 4548 mum
248 4500 378 4568 quoniam
395 4498 553 4553 Priscianus
571 4499 582 4550 I
602 4515 629 4566 p.
648 4503 701 4550 554
720 4514 782 4550 cum
799 4497 923 4564 polorum
941 4495 1047 4563 colpam
1061 4493 1202 4548 Hercolem
1221 4492 1275 4544 for·

195 4597 229 4636 ΓΒ.
243 4604 390 4641 mrscusnn
409 4606 541 4641 OPVECVLA
560 4607 597 4642 lv.
1030 4588 1062 4635 12
