<?xml version="1.0" encoding="UTF-8"?>
<!DOCTYPE html PUBLIC "-//W3C//DTD XHTML 1.0 Transitional//EN"
    "http://www.w3.org/TR/xhtml1/DTD/xhtml1-transitional.dtd">
<html xmlns="http://www.w3.org/1999/xhtml" xml:lang="en" lang="en">
 <head>
  <title>
</title>
<meta http-equiv="Content-Type" content="text/html;charset=utf-8" />
  <meta name='ocr-system' content='tesseract 3.04.00' />
  <meta name='ocr-capabilities' content='ocr_page ocr_carea ocr_par ocr_line ocrx_word'/>
</head>
<body>
  <div class='ocr_page' id='page_1' title='image "./fridericiritsch08wachgoog/fridericiritsch08wachgoog_0143.png"; bbox 0 0 3116 5066; ppageno 0'>
   <div class='ocr_carea' id='block_1_1' title="bbox 261 333 1133 398">
    <p class='ocr_par' dir='ltr' id='par_1_1' title="bbox 261 333 1133 398">
     <span class='ocr_line' id='line_1_1' title="bbox 261 333 1133 398; baseline 0.001 -2"><span class='ocrx_word' id='word_1_1' title='bbox 261 333 324 396; x_wconf 83' lang='lat'><strong>120</strong></span> <span class='ocrx_word' id='word_1_2' title='bbox 537 349 757 398; x_wconf 77' lang='lat' dir='ltr'><strong>norvanum</strong></span> <span class='ocrx_word' id='word_1_3' title='bbox 781 347 1017 396; x_wconf 72' lang='lat' dir='ltr'><strong>sarcasmum</strong></span> <span class='ocrx_word' id='word_1_4' title='bbox 1042 348 1133 397; x_wconf 80' lang='lat' dir='ltr'><strong>rurs.</strong></span> 
     </span>
    </p>
   </div>
   <div class='ocr_carea' id='block_1_2' title="bbox 257 490 1416 578">
    <p class='ocr_par' dir='ltr' id='par_1_2' title="bbox 257 490 1416 578">
     <span class='ocr_line' id='line_1_2' title="bbox 257 490 1416 578; baseline 0.001 -22"><span class='ocrx_word' id='word_1_5' title='bbox 257 490 377 557; x_wconf 85' lang='lat' dir='ltr'>RVNT</span> <span class='ocrx_word' id='word_1_6' title='bbox 401 495 452 558; x_wconf 89' lang='lat' dir='ltr'><strong>est</strong></span> <span class='ocrx_word' id='word_1_7' title='bbox 474 493 508 556; x_wconf 90' lang='lat' dir='ltr'><strong>in</strong></span> <span class='ocrx_word' id='word_1_8' title='bbox 528 491 664 557; x_wconf 88' lang='lat' dir='ltr'><strong>senariis</strong></span> <span class='ocrx_word' id='word_1_9' title='bbox 688 490 831 556; x_wconf 70' lang='lat' dir='ltr'><strong>‘tabulae</strong></span> <span class='ocrx_word' id='word_1_10' title='bbox 859 511 1059 556; x_wconf 76' lang='lat' dir='ltr'><strong>marmoreae</strong></span> <span class='ocrx_word' id='word_1_11' title='bbox 1081 491 1299 575; x_wconf 84' lang='lat' dir='ltr'><strong>pervetustee&#39;</strong></span> <span class='ocrx_word' id='word_1_12' title='bbox 1323 492 1416 578; x_wconf 83' lang='lat' dir='ltr'><strong>apud</strong></span> 
     </span>
    </p>
   </div>
   <div class='ocr_carea' id='block_1_3' title="bbox 257 595 1451 2287">
    <p class='ocr_par' dir='ltr' id='par_1_3' title="bbox 257 595 1451 2287">
     <span class='ocr_line' id='line_1_3' title="bbox 257 595 1417 684; baseline 0.002 -20"><span class='ocrx_word' id='word_1_13' title='bbox 257 598 433 666; x_wconf 78' lang='lat' dir='ltr'>Gruterum</span> <span class='ocrx_word' id='word_1_14' title='bbox 461 623 491 684; x_wconf 93' lang='lat' dir='ltr'><strong>p.</strong></span> <span class='ocrx_word' id='word_1_15' title='bbox 517 597 597 682; x_wconf 81' lang='lat'><strong>655,</strong></span> <span class='ocrx_word' id='word_1_16' title='bbox 628 601 643 662; x_wconf 92' lang='lat'>1</span> <span class='ocrx_word' id='word_1_17' title='bbox 672 597 720 678; x_wconf 82' lang='lat' dir='ltr'><strong>[O.</strong></span> <span class='ocrx_word' id='word_1_18' title='bbox 753 597 778 663; x_wconf 92' lang='grc' dir='ltr'><strong>Ι.</strong></span> <span class='ocrx_word' id='word_1_19' title='bbox 796 597 841 664; x_wconf 79' lang='lat' dir='ltr'><strong>L.</strong></span> <span class='ocrx_word' id='word_1_20' title='bbox 869 596 885 661; x_wconf 94' lang='grc' dir='ltr'><strong>Ι</strong></span> <span class='ocrx_word' id='word_1_21' title='bbox 911 619 942 664; x_wconf 94' lang='lat' dir='ltr'><strong>n.</strong></span> <span class='ocrx_word' id='word_1_22' title='bbox 968 597 1066 682; x_wconf 79' lang='lat'>10093</span> <span class='ocrx_word' id='word_1_23' title='bbox 1094 595 1129 664; x_wconf 91' lang='grc' dir='ltr'><strong>Ρ.</strong></span> <span class='ocrx_word' id='word_1_24' title='bbox 1151 595 1185 666; x_wconf 87' lang='lat' dir='ltr'><strong>L.</strong></span> <span class='ocrx_word' id='word_1_25' title='bbox 1208 597 1252 664; x_wconf 88' lang='lat' dir='ltr'><strong>M.</strong></span> <span class='ocrx_word' id='word_1_26' title='bbox 1275 599 1314 670; x_wconf 81' lang='grc' dir='ltr'><strong>Ε.</strong></span> <span class='ocrx_word' id='word_1_27' title='bbox 1341 601 1417 666; x_wconf 87' lang='lat' dir='ltr'><strong>tab.</strong></span> 
     </span>
     <span class='ocr_line' id='line_1_4' title="bbox 258 702 1413 788; baseline 0.003 -18"><span class='ocrx_word' id='word_1_28' title='bbox 258 704 419 788; x_wconf 79' lang='lat' dir='ltr'>LXXXH,</span> <span class='ocrx_word' id='word_1_29' title='bbox 446 709 483 769; x_wconf 92' lang='lat' dir='ltr'><strong>ut</strong></span> <span class='ocrx_word' id='word_1_30' title='bbox 516 702 688 769; x_wconf 80' lang='lat' dir='ltr'>POSIER·</span> <span class='ocrx_word' id='word_1_31' title='bbox 707 705 742 770; x_wconf 91' lang='lat' dir='ltr'><strong>in</strong></span> <span class='ocrx_word' id='word_1_32' title='bbox 769 703 958 770; x_wconf 71' lang='lat' dir='ltr'><strong>recentioris</strong></span> <span class='ocrx_word' id='word_1_33' title='bbox 986 702 1102 770; x_wconf 84' lang='lat' dir='ltr'><strong>aetatis</strong></span> <span class='ocrx_word' id='word_1_34' title='bbox 1127 702 1293 770; x_wconf 86' lang='lat' dir='ltr'><strong>Orelliana</strong></span> <span class='ocrx_word' id='word_1_35' title='bbox 1320 707 1413 773; x_wconf 82' lang='lat'>5061</span> 
     </span>
     <span class='ocr_line' id='line_1_5' title="bbox 259 806 1417 900; baseline 0.005 -24"><span class='ocrx_word' id='word_1_36' title='bbox 259 811 297 894; x_wconf 89' lang='grc' dir='ltr'><strong>[Ι.</strong></span> <span class='ocrx_word' id='word_1_37' title='bbox 316 811 409 878; x_wconf 74' lang='lat' dir='ltr'><strong>Helu.</strong></span> <span class='ocrx_word' id='word_1_38' title='bbox 424 833 454 878; x_wconf 93' lang='lat' dir='ltr'><strong>n.</strong></span> <span class='ocrx_word' id='word_1_39' title='bbox 470 811 549 892; x_wconf 82' lang='lat'>290]</span> <span class='ocrx_word' id='word_1_40' title='bbox 559 806 602 896; x_wconf 86' lang='lat'><strong>*),</strong></span> <span class='ocrx_word' id='word_1_41' title='bbox 617 809 673 876; x_wconf 90' lang='lat' dir='ltr'><strong>sed</strong></span> <span class='ocrx_word' id='word_1_42' title='bbox 688 810 832 896; x_wconf 78' lang='lat' dir='ltr'><strong>vulgaris</strong></span> <span class='ocrx_word' id='word_1_43' title='bbox 851 810 984 894; x_wconf 86' lang='lat' dir='ltr'><strong>formae,</strong></span> <span class='ocrx_word' id='word_1_44' title='bbox 999 810 1062 878; x_wconf 91' lang='lat' dir='ltr'><strong>nisi</strong></span> <span class='ocrx_word' id='word_1_45' title='bbox 1076 811 1160 895; x_wconf 93' lang='lat' dir='ltr'><strong>quod</strong></span> <span class='ocrx_word' id='word_1_46' title='bbox 1176 833 1228 878; x_wconf 89' lang='lat' dir='ltr'><strong>me</strong></span> <span class='ocrx_word' id='word_1_47' title='bbox 1246 813 1343 900; x_wconf 87' lang='lat' dir='ltr'><strong>fugit,</strong></span> <span class='ocrx_word' id='word_1_48' title='bbox 1358 837 1417 882; x_wconf 80' lang='lat' dir='ltr'><strong>ex-</strong></span> 
     </span>
     <span class='ocr_line' id='line_1_6' title="bbox 258 915 1417 1003; baseline 0.007 -19"><span class='ocrx_word' id='word_1_49' title='bbox 258 919 399 1003; x_wconf 89' lang='lat' dir='ltr'><strong>emplum</strong></span> <span class='ocrx_word' id='word_1_50' title='bbox 418 917 550 984; x_wconf 91' lang='lat' dir='ltr'><strong>omnino</strong></span> <span class='ocrx_word' id='word_1_51' title='bbox 569 915 695 982; x_wconf 89' lang='lat' dir='ltr'><strong>nullum</strong></span> <span class='ocrx_word' id='word_1_52' title='bbox 713 939 771 1003; x_wconf 89' lang='lat' dir='ltr'><strong>per</strong></span> <span class='ocrx_word' id='word_1_53' title='bbox 790 921 895 984; x_wconf 90' lang='lat' dir='ltr'><strong>totum</strong></span> <span class='ocrx_word' id='word_1_54' title='bbox 914 919 1090 1003; x_wconf 85' lang='lat' dir='ltr'><strong>septimum</strong></span> <span class='ocrx_word' id='word_1_55' title='bbox 1110 920 1273 986; x_wconf 86' lang='lat' dir='ltr'><strong>saeculum</strong></span> <span class='ocrx_word' id='word_1_56' title='bbox 1292 926 1417 993; x_wconf 75' lang='lat' dir='ltr'><strong>exstet</strong></span> 
     </span>
     <span class='ocr_line' id='line_1_7' title="bbox 257 1011 1419 1113; baseline 0.004 -21"><span class='ocrx_word' id='word_1_57' title='bbox 257 1025 369 1112; x_wconf 81' lang='lat' dir='ltr'><strong>Neque</strong></span> <span class='ocrx_word' id='word_1_58' title='bbox 397 1027 483 1097; x_wconf 90' lang='lat' dir='ltr'><strong>enim</strong></span> <span class='ocrx_word' id='word_1_59' title='bbox 511 1025 643 1110; x_wconf 81' lang='lat' dir='ltr'><strong>plenam</strong></span> <span class='ocrx_word' id='word_1_60' title='bbox 670 1027 790 1109; x_wconf 87' lang='lat' dir='ltr'><strong>posiaii</strong></span> <span class='ocrx_word' id='word_1_61' title='bbox 815 1025 955 1092; x_wconf 85' lang='lat' dir='ltr'><strong>formam</strong></span> <span class='ocrx_word' id='word_1_62' title='bbox 971 1011 1139 1096; x_wconf 59' lang='lat' dir='ltr'><strong>&#39;continuo</strong></span> <span class='ocrx_word' id='word_1_63' title='bbox 1167 1049 1278 1094; x_wconf 87' lang='lat' dir='ltr'><strong>recens</strong></span> <span class='ocrx_word' id='word_1_64' title='bbox 1301 1033 1419 1113; x_wconf 80' lang='lat' dir='ltr'><strong>poenit</strong></span> 
     </span>
     <span class='ocr_line' id='line_1_8' title="bbox 259 1133 1418 1220; baseline 0.003 -20"><span class='ocrx_word' id='word_1_65' title='bbox 259 1133 393 1219; x_wconf 81' lang='lat' dir='ltr'>excepit,</span> <span class='ocrx_word' id='word_1_66' title='bbox 417 1133 473 1200; x_wconf 90' lang='lat' dir='ltr'><strong>sed</strong></span> <span class='ocrx_word' id='word_1_67' title='bbox 492 1133 583 1218; x_wconf 89' lang='lat' dir='ltr'><strong>prius</strong></span> <span class='ocrx_word' id='word_1_68' title='bbox 602 1133 652 1198; x_wconf 91' lang='lat' dir='ltr'><strong>illi</strong></span> <span class='ocrx_word' id='word_1_69' title='bbox 669 1134 754 1215; x_wconf 84' lang='lat' dir='ltr'><strong>posit</strong></span> <span class='ocrx_word' id='word_1_70' title='bbox 777 1133 951 1200; x_wconf 77' lang='lat' dir='ltr'><strong>declinatio</strong></span> <span class='ocrx_word' id='word_1_71' title='bbox 971 1134 1138 1200; x_wconf 83' lang='lat' dir='ltr'><strong>successit:</strong></span> <span class='ocrx_word' id='word_1_72' title='bbox 1161 1135 1195 1200; x_wconf 91' lang='lat' dir='ltr'><strong>id</strong></span> <span class='ocrx_word' id='word_1_73' title='bbox 1214 1137 1301 1220; x_wconf 91' lang='lat' dir='ltr'><strong>quod</strong></span> <span class='ocrx_word' id='word_1_74' title='bbox 1319 1137 1418 1204; x_wconf 88' lang='lat' dir='ltr'><strong>tituli</strong></span> 
     </span>
     <span class='ocr_line' id='line_1_9' title="bbox 257 1238 1418 1327; baseline 0.003 -20"><span class='ocrx_word' id='word_1_75' title='bbox 257 1245 422 1308; x_wconf 86' lang='lat' dir='ltr'><strong>testantur</strong></span> <span class='ocrx_word' id='word_1_76' title='bbox 449 1240 671 1306; x_wconf 80' lang='lat' dir='ltr'><strong>Amiterninus</strong></span> <span class='ocrx_word' id='word_1_77' title='bbox 695 1239 783 1308; x_wconf 81' lang='lat'>5820</span> <span class='ocrx_word' id='word_1_78' title='bbox 803 1238 852 1323; x_wconf 82' lang='lat' dir='ltr'><strong>[C.</strong></span> <span class='ocrx_word' id='word_1_79' title='bbox 877 1240 902 1306; x_wconf 91' lang='grc' dir='ltr'><strong>Ι.</strong></span> <span class='ocrx_word' id='word_1_80' title='bbox 928 1239 963 1307; x_wconf 78' lang='lat' dir='ltr'><strong>L.</strong></span> <span class='ocrx_word' id='word_1_81' title='bbox 988 1238 1052 1308; x_wconf 89' lang='lat' dir='ltr'><strong>ln.</strong></span> <span class='ocrx_word' id='word_1_82' title='bbox 1078 1241 1177 1327; x_wconf 60' lang='lat'>129&amp;</span> <span class='ocrx_word' id='word_1_83' title='bbox 1201 1242 1236 1308; x_wconf 89' lang='grc' dir='ltr'><strong>Ρ.</strong></span> <span class='ocrx_word' id='word_1_84' title='bbox 1253 1242 1290 1310; x_wconf 89' lang='lat' dir='ltr'><strong>L.</strong></span> <span class='ocrx_word' id='word_1_85' title='bbox 1308 1243 1356 1310; x_wconf 84' lang='lat' dir='ltr'><strong>M.</strong></span> <span class='ocrx_word' id='word_1_86' title='bbox 1376 1245 1418 1311; x_wconf 84' lang='lat' dir='ltr'><strong>E.</strong></span> 
     </span>
     <span class='ocr_line' id='line_1_10' title="bbox 257 1344 1417 1434; baseline 0.003 -20"><span class='ocrx_word' id='word_1_87' title='bbox 257 1349 322 1414; x_wconf 86' lang='lat' dir='ltr'><strong>tab.</strong></span> <span class='ocrx_word' id='word_1_88' title='bbox 346 1347 404 1412; x_wconf 86' lang='lat' dir='ltr'><strong>LX</strong></span> <span class='ocrx_word' id='word_1_89' title='bbox 424 1345 462 1428; x_wconf 78' lang='lat'><strong>0]</strong></span> <span class='ocrx_word' id='word_1_90' title='bbox 488 1346 573 1430; x_wconf 88' lang='lat' dir='ltr'><strong>apud</strong></span> <span class='ocrx_word' id='word_1_91' title='bbox 596 1344 833 1416; x_wconf 87' lang='lat' dir='ltr'><strong>Mommsenum</strong></span> <span class='ocrx_word' id='word_1_92' title='bbox 856 1353 889 1412; x_wconf 91' lang='lat' dir='ltr'><strong>et</strong></span> <span class='ocrx_word' id='word_1_93' title='bbox 912 1344 1122 1414; x_wconf 85' lang='lat' dir='ltr'><strong>Corfiniensis</strong></span> <span class='ocrx_word' id='word_1_94' title='bbox 1145 1349 1232 1416; x_wconf 80' lang='lat'>5409</span> <span class='ocrx_word' id='word_1_95' title='bbox 1258 1348 1306 1434; x_wconf 82' lang='lat' dir='ltr'><strong>[C.</strong></span> <span class='ocrx_word' id='word_1_96' title='bbox 1328 1350 1357 1418; x_wconf 93' lang='grc' dir='ltr'><strong>Ι.</strong></span> <span class='ocrx_word' id='word_1_97' title='bbox 1377 1351 1417 1418; x_wconf 87' lang='lat' dir='ltr'><strong>L.</strong></span> 
     </span>
     <span class='ocr_line' id='line_1_11' title="bbox 258 1453 1419 1538; baseline 0.003 -18"><span class='ocrx_word' id='word_1_98' title='bbox 258 1453 273 1520; x_wconf 94' lang='grc' dir='ltr'>Ι</span> <span class='ocrx_word' id='word_1_99' title='bbox 301 1477 333 1518; x_wconf 88' lang='lat' dir='ltr'><strong>n.</strong></span> <span class='ocrx_word' id='word_1_100' title='bbox 364 1454 478 1536; x_wconf 82' lang='lat'>1283],</span> <span class='ocrx_word' id='word_1_101' title='bbox 505 1474 642 1538; x_wconf 89' lang='lat' dir='ltr'><strong>quorum</strong></span> <span class='ocrx_word' id='word_1_102' title='bbox 670 1454 725 1520; x_wconf 90' lang='lat' dir='ltr'><strong>ille</strong></span> <span class='ocrx_word' id='word_1_103' title='bbox 753 1453 875 1520; x_wconf 86' lang='lat' dir='ltr'>POSIT</span> <span class='ocrx_word' id='word_1_104' title='bbox 904 1454 1032 1520; x_wconf 88' lang='lat' dir='ltr'><strong>socians</strong></span> <span class='ocrx_word' id='word_1_105' title='bbox 1062 1477 1134 1524; x_wconf 91' lang='lat' dir='ltr'><strong>cum</strong></span> <span class='ocrx_word' id='word_1_106' title='bbox 1157 1456 1353 1524; x_wconf 83' lang='lat' dir='ltr'>BRVTIVS</span> <span class='ocrx_word' id='word_1_107' title='bbox 1383 1465 1419 1524; x_wconf 89' lang='lat' dir='ltr'><strong>et</strong></span> 
     </span>
     <span class='ocr_line' id='line_1_12' title="bbox 258 1557 1416 1648; baseline 0.008 -23"><span class='ocrx_word' id='word_1_108' title='bbox 258 1557 512 1628; x_wconf 81' lang='lat' dir='ltr'>PROBISVMA</span> <span class='ocrx_word' id='word_1_109' title='bbox 545 1561 705 1646; x_wconf 84' lang='lat' dir='ltr'><strong>scripture</strong></span> <span class='ocrx_word' id='word_1_110' title='bbox 735 1582 801 1626; x_wconf 91' lang='lat' dir='ltr'><strong>non</strong></span> <span class='ocrx_word' id='word_1_111' title='bbox 833 1563 943 1645; x_wconf 86' lang='lat' dir='ltr'><strong>potest</strong></span> <span class='ocrx_word' id='word_1_112' title='bbox 975 1561 1079 1628; x_wconf 88' lang='lat' dir='ltr'><strong>medio</strong></span> <span class='ocrx_word' id='word_1_113' title='bbox 1112 1562 1240 1630; x_wconf 88' lang='lat' dir='ltr'><strong>saeculo</strong></span> <span class='ocrx_word' id='word_1_114' title='bbox 1269 1566 1416 1648; x_wconf 86' lang='lat' dir='ltr'><strong>septimo</strong></span> 
     </span>
     <span class='ocr_line' id='line_1_13' title="bbox 258 1665 1417 1752; baseline 0.005 -18"><span class='ocrx_word' id='word_1_115' title='bbox 258 1669 419 1752; x_wconf 88' lang='lat' dir='ltr'><strong>posterior</strong></span> <span class='ocrx_word' id='word_1_116' title='bbox 448 1666 593 1752; x_wconf 73' lang='lat' dir='ltr'><strong>esse**),</strong></span> <span class='ocrx_word' id='word_1_117' title='bbox 621 1667 674 1732; x_wconf 91' lang='lat' dir='ltr'><strong>hic</strong></span> <span class='ocrx_word' id='word_1_118' title='bbox 702 1665 932 1744; x_wconf 83' lang='lat' dir='ltr'><strong>TEVDATA·</strong></span> <span class='ocrx_word' id='word_1_119' title='bbox 956 1665 1109 1734; x_wconf 80' lang='lat' dir='ltr'><strong>Posnlr</strong></span> <span class='ocrx_word' id='word_1_120' title='bbox 1137 1669 1295 1738; x_wconf 77' lang='lat' dir='ltr'><strong>exhibens</strong></span> <span class='ocrx_word' id='word_1_121' title='bbox 1324 1673 1417 1740; x_wconf 88' lang='lat' dir='ltr'><strong>idem</strong></span> 
     </span>
     <span class='ocr_line' id='line_1_14' title="bbox 260 1773 1416 1864; baseline 0.006 -24"><span class='ocrx_word' id='word_1_122' title='bbox 260 1774 423 1842; x_wconf 89' lang='lat' dir='ltr'><strong>saeculum</strong></span> <span class='ocrx_word' id='word_1_123' title='bbox 450 1797 517 1840; x_wconf 87' lang='lat' dir='ltr'><strong>non</strong></span> <span class='ocrx_word' id='word_1_124' title='bbox 546 1773 679 1840; x_wconf 79' lang='lat' dir='ltr'><strong>excedit.</strong></span> <span class='ocrx_word' id='word_1_125' title='bbox 724 1773 809 1838; x_wconf 90' lang='lat' dir='ltr'><strong>Hinc</strong></span> <span class='ocrx_word' id='word_1_126' title='bbox 837 1773 1010 1858; x_wconf 79' lang='lat' dir='ltr'><strong>igiturest</strong></span> <span class='ocrx_word' id='word_1_127' title='bbox 1038 1775 1123 1858; x_wconf 92' lang='lat' dir='ltr'><strong>qnod</strong></span> <span class='ocrx_word' id='word_1_128' title='bbox 1147 1777 1246 1842; x_wconf 88' lang='lat' dir='ltr'><strong>etiam</strong></span> <span class='ocrx_word' id='word_1_129' title='bbox 1269 1779 1416 1864; x_wconf 88' lang='lat' dir='ltr'><strong>impera-</strong></span> 
     </span>
     <span class='ocr_line' id='line_1_15' title="bbox 259 1878 1416 1967; baseline 0.008 -22"><span class='ocrx_word' id='word_1_130' title='bbox 259 1885 366 1946; x_wconf 88' lang='lat' dir='ltr'><strong>torum</strong></span> <span class='ocrx_word' id='word_1_131' title='bbox 399 1885 489 1950; x_wconf 89' lang='lat' dir='ltr'><strong>aetas</strong></span> <span class='ocrx_word' id='word_1_132' title='bbox 520 1878 644 1948; x_wconf 81' lang='lat' dir='ltr'>POSIT</span> <span class='ocrx_word' id='word_1_133' title='bbox 677 1880 898 1967; x_wconf 80' lang='lat' dir='ltr'><strong>frequentavit</strong></span> <span class='ocrx_word' id='word_1_134' title='bbox 929 1885 966 1948; x_wconf 92' lang='lat' dir='ltr'><strong>ut</strong></span> <span class='ocrx_word' id='word_1_135' title='bbox 994 1881 1028 1946; x_wconf 90' lang='lat' dir='ltr'><strong>in</strong></span> <span class='ocrx_word' id='word_1_136' title='bbox 1051 1881 1223 1951; x_wconf 88' lang='lat' dir='ltr'><strong>Orellianis</strong></span> <span class='ocrx_word' id='word_1_137' title='bbox 1254 1887 1306 1954; x_wconf 76' lang='lat'><strong>71.</strong></span> <span class='ocrx_word' id='word_1_138' title='bbox 1337 1888 1416 1956; x_wconf 76' lang='lat'><strong>732.</strong></span> 
     </span>
     <span class='ocr_line' id='line_1_16' title="bbox 263 1987 1416 2075; baseline 0.009 -23"><span class='ocrx_word' id='word_1_139' title='bbox 263 1988 355 2056; x_wconf 76' lang='lat'><strong>1475.</strong></span> <span class='ocrx_word' id='word_1_140' title='bbox 379 1988 464 2053; x_wconf 74' lang='lat'>3087</span> <span class='ocrx_word' id='word_1_141' title='bbox 489 1987 753 2072; x_wconf 83' lang='lat' dir='ltr'><strong>Gruterianisque</strong></span> <span class='ocrx_word' id='word_1_142' title='bbox 777 1989 856 2072; x_wconf 82' lang='lat'><strong>561,</strong></span> <span class='ocrx_word' id='word_1_143' title='bbox 886 1988 914 2054; x_wconf 89' lang='grc'><strong>8.</strong></span> <span class='ocrx_word' id='word_1_144' title='bbox 938 1987 1017 2073; x_wconf 81' lang='grc'><strong>571,</strong></span> <span class='ocrx_word' id='word_1_145' title='bbox 1047 1989 1078 2056; x_wconf 92' lang='grc'><strong>9.</strong></span> <span class='ocrx_word' id='word_1_146' title='bbox 1102 1990 1180 2075; x_wconf 78' lang='grc'><strong>724,</strong></span> <span class='ocrx_word' id='word_1_147' title='bbox 1209 1991 1238 2058; x_wconf 90' lang='grc'><strong>8.</strong></span> <span class='ocrx_word' id='word_1_148' title='bbox 1286 1989 1416 2061; x_wconf 80' lang='lat' dir='ltr'><strong>Contra</strong></span> 
     </span>
     <span class='ocr_line' id='line_1_17' title="bbox 259 2087 1451 2181; baseline 0.007 -21"><span class='ocrx_word' id='word_1_149' title='bbox 259 2093 423 2179; x_wconf 80' lang='lat' dir='ltr'><strong>trisyllabi</strong></span> <span class='ocrx_word' id='word_1_150' title='bbox 441 2095 536 2176; x_wconf 81' lang='lat' dir='ltr'><strong>posui</strong></span> <span class='ocrx_word' id='word_1_151' title='bbox 558 2093 694 2178; x_wconf 88' lang='lat' dir='ltr'><strong>perfecti</strong></span> <span class='ocrx_word' id='word_1_152' title='bbox 718 2117 811 2160; x_wconf 90' lang='lat' dir='ltr'><strong>usum</strong></span> <span class='ocrx_word' id='word_1_153' title='bbox 829 2095 924 2162; x_wconf 87' lang='lat' dir='ltr'><strong>facile</strong></span> <span class='ocrx_word' id='word_1_154' title='bbox 943 2096 1137 2180; x_wconf 81' lang='lat' dir='ltr'><strong>perspicitur</strong></span> <span class='ocrx_word' id='word_1_155' title='bbox 1155 2098 1260 2181; x_wconf 86' lang='lat' dir='ltr'><strong>poetis</strong></span> <span class='ocrx_word' id='word_1_156' title='bbox 1280 2099 1416 2170; x_wconf 88' lang='lat' dir='ltr'><strong>demum</strong></span> <span class='ocrx_word' id='word_1_157' title='bbox 1445 2087 1451 2096; x_wconf 63' lang='grc'><strong>’</strong></span> 
     </span>
     <span class='ocr_line' id='line_1_18' title="bbox 259 2201 1417 2287; baseline 0.005 -21"><span class='ocrx_word' id='word_1_158' title='bbox 259 2201 430 2287; x_wconf 84' lang='lat' dir='ltr'><strong>dactylicis</strong></span> <span class='ocrx_word' id='word_1_159' title='bbox 459 2201 577 2271; x_wconf 88' lang='lat' dir='ltr'><strong>deberi.</strong></span> <span class='ocrx_word' id='word_1_160' title='bbox 622 2201 736 2287; x_wconf 87' lang='lat' dir='ltr'><strong>Itaque</strong></span> <span class='ocrx_word' id='word_1_161' title='bbox 759 2224 857 2268; x_wconf 86' lang='lat' dir='ltr'><strong>ausus</strong></span> <span class='ocrx_word' id='word_1_162' title='bbox 881 2205 931 2268; x_wconf 91' lang='lat' dir='ltr'><strong>est</strong></span> <span class='ocrx_word' id='word_1_163' title='bbox 953 2202 1077 2286; x_wconf 87' lang='lat' dir='ltr'><strong>primus</strong></span> <span class='ocrx_word' id='word_1_164' title='bbox 1100 2203 1226 2282; x_wconf 80' lang='lat' dir='ltr'><strong>Ennius</strong></span> <span class='ocrx_word' id='word_1_165' title='bbox 1248 2203 1417 2274; x_wconf 82' lang='lat' dir='ltr'><strong>Prisciani</strong></span> 
     </span>
    </p>
   </div>
   <div class='ocr_carea' id='block_1_4' title="bbox 259 2307 1554 2612">
    <p class='ocr_par' dir='ltr' id='par_1_4' title="bbox 259 2307 1554 2612">
     <span class='ocr_line' id='line_1_19' title="bbox 259 2307 1554 2395; baseline 0.008 -23"><span class='ocrx_word' id='word_1_166' title='bbox 259 2307 307 2372; x_wconf 95' lang='lat' dir='ltr'><strong>VI</strong></span> <span class='ocrx_word' id='word_1_167' title='bbox 330 2331 360 2392; x_wconf 91' lang='lat' dir='ltr'><strong>p.</strong></span> <span class='ocrx_word' id='word_1_168' title='bbox 388 2309 451 2374; x_wconf 88' lang='lat'><strong>691</strong></span> <span class='ocrx_word' id='word_1_169' title='bbox 485 2309 519 2376; x_wconf 89' lang='lat' dir='ltr'><strong>in</strong></span> <span class='ocrx_word' id='word_1_170' title='bbox 548 2312 639 2376; x_wconf 86' lang='lat' dir='ltr'><strong>sexto</strong></span> <span class='ocrx_word' id='word_1_171' title='bbox 667 2308 845 2378; x_wconf 87' lang='lat' dir='ltr'><strong>Annalium</strong></span> <span class='ocrx_word' id='word_1_172' title='bbox 878 2309 1069 2392; x_wconf 76' lang='lat' dir='ltr'><strong>Sidpbnrece</strong></span> <span class='ocrx_word' id='word_1_173' title='bbox 1097 2313 1202 2393; x_wconf 77' lang='lat' dir='ltr'><strong>pusicii</strong></span> <span class='ocrx_word' id='word_1_174' title='bbox 1231 2314 1418 2395; x_wconf 81' lang='lat' dir='ltr'><strong>spiramina</strong></span> <span class='ocrx_word' id='word_1_175' title='bbox 1553 2361 1554 2370; x_wconf 52' lang='lat'><strong>.</strong></span> 
     </span>
     <span class='ocr_line' id='line_1_20' title="bbox 260 2415 1416 2504; baseline 0.009 -24"><span class='ocrx_word' id='word_1_176' title='bbox 260 2415 361 2480; x_wconf 88' lang='lat' dir='ltr'><strong>Naris</strong></span> <span class='ocrx_word' id='word_1_177' title='bbox 382 2417 426 2480; x_wconf 86' lang='lat' dir='ltr'><strong>ad</strong></span> <span class='ocrx_word' id='word_1_178' title='bbox 446 2417 563 2494; x_wconf 61' lang='lat' dir='ltr'><strong>andam</strong></span> <span class='ocrx_word' id='word_1_179' title='bbox 587 2415 687 2484; x_wconf 89' lang='lat' dir='ltr'><strong>semel</strong></span> <span class='ocrx_word' id='word_1_180' title='bbox 710 2419 837 2483; x_wconf 89' lang='lat' dir='ltr'><strong>tantum</strong></span> <span class='ocrx_word' id='word_1_181' title='bbox 855 2415 1022 2484; x_wconf 87' lang='lat' dir='ltr'><strong>Lueretius</strong></span> <span class='ocrx_word' id='word_1_182' title='bbox 1041 2419 1179 2500; x_wconf 63' lang='lat' dir='ltr'><strong>capuam</strong></span> <span class='ocrx_word' id='word_1_183' title='bbox 1197 2416 1255 2502; x_wconf 85' lang='lat' dir='ltr'><strong>Vl,</strong></span> <span class='ocrx_word' id='word_1_184' title='bbox 1280 2418 1339 2504; x_wconf 74' lang='lat'><strong>253</strong></span> <span class='ocrx_word' id='word_1_185' title='bbox 1361 2421 1416 2488; x_wconf 88' lang='lat' dir='ltr'><strong>bis</strong></span> 
     </span>
     <span class='ocr_line' id='line_1_21' title="bbox 260 2519 1554 2612; baseline 0.01 -27"><span class='ocrx_word' id='word_1_186' title='bbox 260 2521 294 2586; x_wconf 91' lang='lat' dir='ltr'><strong>in</strong></span> <span class='ocrx_word' id='word_1_187' title='bbox 317 2521 530 2606; x_wconf 81' lang='lat' dir='ltr'><strong>pentametris</strong></span> <span class='ocrx_word' id='word_1_188' title='bbox 551 2519 697 2590; x_wconf 83' lang='lat' dir='ltr'><strong>Catullus</strong></span> <span class='ocrx_word' id='word_1_189' title='bbox 720 2523 796 2588; x_wconf 85' lang='lat' dir='ltr'><strong>diua</strong></span> <span class='ocrx_word' id='word_1_190' title='bbox 818 2543 935 2590; x_wconf 79' lang='lat' dir='ltr'><strong>anaim</strong></span> <span class='ocrx_word' id='word_1_191' title='bbox 951 2524 1060 2606; x_wconf 81' lang='lat' dir='ltr'><strong>poenit</strong></span> <span class='ocrx_word' id='word_1_192' title='bbox 1081 2521 1195 2608; x_wconf 85' lang='lat' dir='ltr'>LXVI,</span> <span class='ocrx_word' id='word_1_193' title='bbox 1218 2525 1262 2590; x_wconf 89' lang='grc'><strong>64</strong></span> <span class='ocrx_word' id='word_1_194' title='bbox 1281 2533 1316 2590; x_wconf 88' lang='lat' dir='ltr'><strong>et</strong></span> <span class='ocrx_word' id='word_1_195' title='bbox 1338 2548 1416 2612; x_wconf 78' lang='lat' dir='ltr'><strong>sap·</strong></span> <span class='ocrx_word' id='word_1_196' title='bbox 1553 2547 1554 2560; x_wconf 62' lang='lat'>¹</span> 
     </span>
    </p>
   </div>
   <div class='ocr_carea' id='block_1_5' title="bbox 253 2627 1418 3467">
    <p class='ocr_par' dir='ltr' id='par_1_5' title="bbox 253 2627 1418 3467">
     <span class='ocr_line' id='line_1_22' title="bbox 253 2627 1418 2721; baseline 0.004 -24"><span class='ocrx_word' id='word_1_197' title='bbox 253 2631 394 2714; x_wconf 64' lang='lat' dir='ltr'><strong>pomosa</strong></span> <span class='ocrx_word' id='word_1_198' title='bbox 413 2630 517 2711; x_wconf 81' lang='lat' dir='ltr'><strong>fcmrrr</strong></span> <span class='ocrx_word' id='word_1_199' title='bbox 539 2629 659 2714; x_wconf 89' lang='lat' dir='ltr'>LXIX,</span> <span class='ocrx_word' id='word_1_200' title='bbox 682 2631 716 2714; x_wconf 82' lang='lat'><strong>2,</strong></span> <span class='ocrx_word' id='word_1_201' title='bbox 741 2629 890 2715; x_wconf 88' lang='lat' dir='ltr'><strong>idemque</strong></span> <span class='ocrx_word' id='word_1_202' title='bbox 918 2629 953 2696; x_wconf 90' lang='lat' dir='ltr'><strong>in</strong></span> <span class='ocrx_word' id='word_1_203' title='bbox 981 2627 1251 2714; x_wconf 75' lang='lat' dir='ltr'><strong>hendecasyllabo</strong></span> <span class='ocrx_word' id='word_1_204' title='bbox 1276 2632 1418 2721; x_wconf 85' lang='lat' dir='ltr'>XLVII,</span> 
     </span>
     <span class='ocr_line' id='line_1_23' title="bbox 259 2734 1417 2822; baseline 0.005 -20"><span class='ocrx_word' id='word_1_205' title='bbox 259 2739 281 2802; x_wconf 88' lang='grc'>4</span> <span class='ocrx_word' id='word_1_206' title='bbox 310 2737 426 2820; x_wconf 80' lang='lat' dir='ltr'><strong>Vcrpns</strong></span> <span class='ocrx_word' id='word_1_207' title='bbox 443 2739 624 2820; x_wconf 79' lang='lat' dir='ltr'><strong>praeposuit</strong></span> <span class='ocrx_word' id='word_1_208' title='bbox 646 2736 784 2819; x_wconf 78' lang='lat' dir='ltr'><strong>Priapus</strong></span> <span class='ocrx_word' id='word_1_209' title='bbox 806 2737 867 2804; x_wconf 83' lang='lat' dir='ltr'><strong>illa</strong></span> <span class='ocrx_word' id='word_1_210' title='bbox 904 2734 993 2814; x_wconf 80' lang='lat' dir='ltr'><strong>Quae</strong></span> <span class='ocrx_word' id='word_1_211' title='bbox 1017 2758 1090 2802; x_wconf 90' lang='lat' dir='ltr'><strong>cum</strong></span> <span class='ocrx_word' id='word_1_212' title='bbox 1113 2737 1160 2802; x_wconf 86' lang='lat' dir='ltr'><strong>ite</strong></span> <span class='ocrx_word' id='word_1_213' title='bbox 1183 2736 1258 2822; x_wconf 85' lang='lat' dir='ltr'><strong>sint,</strong></span> <span class='ocrx_word' id='word_1_214' title='bbox 1281 2741 1337 2804; x_wconf 81' lang='lat' dir='ltr'><strong>rix</strong></span> <span class='ocrx_word' id='word_1_215' title='bbox 1363 2747 1417 2808; x_wconf 85' lang='lat' dir='ltr'><strong>ast</strong></span> 
     </span>
     <span class='ocr_line' id='line_1_24' title="bbox 261 2842 1417 2928; baseline 0.007 -21"><span class='ocrx_word' id='word_1_216' title='bbox 261 2843 433 2908; x_wconf 86' lang='lat' dir='ltr'><strong>verendum</strong></span> <span class='ocrx_word' id='word_1_217' title='bbox 455 2865 495 2907; x_wconf 88' lang='lat' dir='ltr'><strong>ne</strong></span> <span class='ocrx_word' id='word_1_218' title='bbox 519 2842 733 2910; x_wconf 85' lang='lat' dir='ltr'><strong>inconsultius</strong></span> <span class='ocrx_word' id='word_1_219' title='bbox 757 2843 798 2910; x_wconf 91' lang='lat' dir='ltr'><strong>ab</strong></span> <span class='ocrx_word' id='word_1_220' title='bbox 821 2843 964 2928; x_wconf 78' lang='lat' dir='ltr'><strong>Terentii</strong></span> <span class='ocrx_word' id='word_1_221' title='bbox 987 2842 1118 2928; x_wconf 87' lang='lat' dir='ltr'><strong>quidem</strong></span> <span class='ocrx_word' id='word_1_222' title='bbox 1139 2865 1205 2910; x_wconf 89' lang='lat' dir='ltr'><strong>non</strong></span> <span class='ocrx_word' id='word_1_223' title='bbox 1229 2849 1339 2914; x_wconf 84' lang='lat' dir='ltr'><strong>aetate</strong></span> <span class='ocrx_word' id='word_1_224' title='bbox 1366 2849 1417 2914; x_wconf 93' lang='lat' dir='ltr'><strong>di·</strong></span> 
     </span>
     <span class='ocr_line' id='line_1_25' title="bbox 261 2949 1417 3035; baseline 0.006 -20"><span class='ocrx_word' id='word_1_225' title='bbox 261 2973 340 3030; x_wconf 86' lang='lat' dir='ltr'><strong>eam,</strong></span> <span class='ocrx_word' id='word_1_226' title='bbox 364 2949 420 3014; x_wconf 89' lang='lat' dir='ltr'><strong>sed</strong></span> <span class='ocrx_word' id='word_1_227' title='bbox 444 2949 551 3034; x_wconf 88' lang='lat' dir='ltr'><strong>poesis</strong></span> <span class='ocrx_word' id='word_1_228' title='bbox 574 2969 692 3035; x_wconf 81' lang='lat' dir='ltr'><strong>genere</strong></span> <span class='ocrx_word' id='word_1_229' title='bbox 719 2950 882 3020; x_wconf 88' lang='lat' dir='ltr'><strong>noviciam</strong></span> <span class='ocrx_word' id='word_1_230' title='bbox 909 2950 1159 3018; x_wconf 89' lang='lat' dir='ltr'><strong>declinationem</strong></span> <span class='ocrx_word' id='word_1_231' title='bbox 1187 2952 1417 3022; x_wconf 87' lang='lat' dir='ltr'><strong>abiudicemus</strong></span> 
     </span>
     <span class='ocr_line' id='line_1_26' title="bbox 261 3055 1417 3142; baseline 0.005 -20"><span class='ocrx_word' id='word_1_232' title='bbox 261 3056 465 3142; x_wconf 81' lang='lat' dir='ltr'><strong>Andriaeque</strong></span> <span class='ocrx_word' id='word_1_233' title='bbox 488 3055 634 3122; x_wconf 87' lang='lat' dir='ltr'><strong>versibus</strong></span> <span class='ocrx_word' id='word_1_234' title='bbox 662 3057 816 3140; x_wconf 69' lang='lat' dir='ltr'><strong>adpetisse</strong></span> <span class='ocrx_word' id='word_1_235' title='bbox 839 3058 988 3139; x_wconf 69' lang='lat' dir='ltr'><strong>mpoeeti·</strong></span> <span class='ocrx_word' id='word_1_236' title='bbox 1014 3056 1138 3128; x_wconf 85' lang='lat' dir='ltr'><strong>formas</strong></span> <span class='ocrx_word' id='word_1_237' title='bbox 1166 3058 1340 3128; x_wconf 84' lang='lat' dir='ltr'><strong>reddamus</strong></span> <span class='ocrx_word' id='word_1_238' title='bbox 1372 3063 1417 3130; x_wconf 90' lang='lat' dir='ltr'><strong>ad</strong></span> 
     </span>
     <span class='ocr_line' id='line_1_27' title="bbox 261 3147 1417 3249; baseline 0.004 -19"><span class='ocrx_word' id='word_1_239' title='bbox 261 3164 443 3248; x_wconf 84' lang='lat' dir='ltr'><strong>exemplum</strong></span> <span class='ocrx_word' id='word_1_240' title='bbox 466 3161 609 3231; x_wconf 89' lang='lat' dir='ltr'><strong>Plautini</strong></span> <span class='ocrx_word' id='word_1_241' title='bbox 633 3163 788 3236; x_wconf 87' lang='lat' dir='ltr'><strong>infinitivi</strong></span> <span class='ocrx_word' id='word_1_242' title='bbox 811 3165 970 3247; x_wconf 70' lang='lat' dir='ltr'><strong>impetisse:</strong></span> <span class='ocrx_word' id='word_1_243' title='bbox 1000 3147 1128 3249; x_wconf 69' lang='lat' dir='ltr'><strong>dualem</strong></span> <span class='ocrx_word' id='word_1_244' title='bbox 1156 3165 1255 3232; x_wconf 84' lang='lat' dir='ltr'><strong>etiam</strong></span> <span class='ocrx_word' id='word_1_245' title='bbox 1282 3165 1417 3237; x_wconf 85' lang='lat' dir='ltr'><strong>iambos</strong></span> 
     </span>
     <span class='ocr_line' id='line_1_28' title="bbox 261 3265 1417 3359; baseline 0.004 -21"><span class='ocrx_word' id='word_1_246' title='bbox 261 3293 394 3356; x_wconf 86' lang='lat' dir='ltr'><strong>poscere</strong></span> <span class='ocrx_word' id='word_1_247' title='bbox 418 3270 453 3339; x_wconf 91' lang='lat' dir='ltr'><strong>in</strong></span> <span class='ocrx_word' id='word_1_248' title='bbox 477 3269 676 3354; x_wconf 82' lang='lat' dir='ltr'><strong>Vergilianis</strong></span> <span class='ocrx_word' id='word_1_249' title='bbox 696 3269 871 3341; x_wconf 81' lang='lat' dir='ltr'><strong>Catalectis</strong></span> <span class='ocrx_word' id='word_1_250' title='bbox 885 3265 980 3354; x_wconf 90' lang='lat' dir='ltr'>VIII,</span> <span class='ocrx_word' id='word_1_251' title='bbox 1007 3271 1047 3335; x_wconf 85' lang='grc'><strong>16</strong></span> <span class='ocrx_word' id='word_1_252' title='bbox 1067 3269 1212 3357; x_wconf 80' lang='lat' dir='ltr'><strong>Scaliger</strong></span> <span class='ocrx_word' id='word_1_253' title='bbox 1231 3278 1417 3359; x_wconf 87' lang='lat' dir='ltr'><strong>perspexit:</strong></span> 
     </span>
     <span class='ocr_line' id='line_1_29' title="bbox 263 3377 1416 3467; baseline 0.007 -23"><span class='ocrx_word' id='word_1_254' title='bbox 263 3379 332 3444; x_wconf 76' lang='lat' dir='ltr'><strong>Ilia</strong></span> <span class='ocrx_word' id='word_1_255' title='bbox 354 3379 390 3443; x_wconf 83' lang='lat' dir='ltr'><strong>ia</strong></span> <span class='ocrx_word' id='word_1_256' title='bbox 406 3377 523 3461; x_wconf 79' lang='lat' dir='ltr'><strong>palude</strong></span> <span class='ocrx_word' id='word_1_257' title='bbox 545 3377 694 3460; x_wconf 67' lang='lat' dir='ltr'><strong>depositae</strong></span> <span class='ocrx_word' id='word_1_258' title='bbox 715 3379 865 3446; x_wconf 70' lang='lat' dir='ltr'><strong>suranae.</strong></span> <span class='ocrx_word' id='word_1_259' title='bbox 902 3377 1051 3444; x_wconf 83' lang='lat' dir='ltr'><strong>Alteram</strong></span> <span class='ocrx_word' id='word_1_260' title='bbox 1071 3379 1126 3464; x_wconf 90' lang='lat' dir='ltr'><strong>qui</strong></span> <span class='ocrx_word' id='word_1_261' title='bbox 1145 3379 1179 3444; x_wconf 90' lang='lat' dir='ltr'><strong>in</strong></span> <span class='ocrx_word' id='word_1_262' title='bbox 1197 3380 1327 3448; x_wconf 89' lang='lat' dir='ltr'><strong>iambos</strong></span> <span class='ocrx_word' id='word_1_263' title='bbox 1346 3385 1416 3467; x_wconf 87' lang='lat' dir='ltr'><strong>pri·</strong></span> 
     </span>
    </p>
   </div>
   <div class='ocr_carea' id='block_1_6' title="bbox 262 3482 1554 3570">
    <p class='ocr_par' dir='ltr' id='par_1_6' title="bbox 262 3482 1554 3570">
     <span class='ocr_line' id='line_1_30' title="bbox 262 3482 1554 3570; baseline 0.005 -21"><span class='ocrx_word' id='word_1_264' title='bbox 262 3507 333 3549; x_wconf 88' lang='lat' dir='ltr'><strong>mus</strong></span> <span class='ocrx_word' id='word_1_265' title='bbox 366 3482 552 3568; x_wconf 86' lang='lat' dir='ltr'><strong>immiserit,</strong></span> <span class='ocrx_word' id='word_1_266' title='bbox 588 3482 718 3550; x_wconf 86' lang='lat' dir='ltr'><strong>invenio</strong></span> <span class='ocrx_word' id='word_1_267' title='bbox 747 3483 908 3552; x_wconf 87' lang='lat' dir='ltr'><strong>Lucilium</strong></span> <span class='ocrx_word' id='word_1_268' title='bbox 936 3505 1024 3568; x_wconf 85' lang='lat' dir='ltr'><strong>esse,</strong></span> <span class='ocrx_word' id='word_1_269' title='bbox 1056 3507 1152 3570; x_wconf 88' lang='lat' dir='ltr'><strong>quem</strong></span> <span class='ocrx_word' id='word_1_270' title='bbox 1179 3487 1234 3557; x_wconf 89' lang='lat' dir='ltr'><strong>lib.</strong></span> <span class='ocrx_word' id='word_1_271' title='bbox 1264 3487 1416 3556; x_wconf 89' lang='lat' dir='ltr'>XXVIII</span> <span class='ocrx_word' id='word_1_272' title='bbox 1553 3539 1554 3544; x_wconf 34' lang='lat'>1</span> 
     </span>
    </p>
   </div>
   <div class='ocr_carea' id='block_1_7' title="bbox 264 4103 1418 4356">
    <p class='ocr_par' dir='ltr' id='par_1_7' title="bbox 264 4103 1418 4356">
     <span class='ocr_line' id='line_1_31' title="bbox 334 4103 1415 4182; baseline 0.009 -24"><span class='ocrx_word' id='word_1_273' title='bbox 334 4106 376 4174; x_wconf 76' lang='grc'><strong>**)</strong></span> <span class='ocrx_word' id='word_1_274' title='bbox 392 4103 445 4182; x_wconf 83' lang='lat' dir='ltr'><strong>[Cf.</strong></span> <span class='ocrx_word' id='word_1_275' title='bbox 460 4105 556 4160; x_wconf 80' lang='lat' dir='ltr'><strong>Enarr.</strong></span> <span class='ocrx_word' id='word_1_276' title='bbox 571 4105 627 4160; x_wconf 86' lang='lat' dir='ltr'><strong>tab.</strong></span> <span class='ocrx_word' id='word_1_277' title='bbox 644 4105 692 4159; x_wconf 91' lang='lat' dir='ltr'><strong>LX</strong></span> <span class='ocrx_word' id='word_1_278' title='bbox 707 4103 769 4176; x_wconf 81' lang='lat' dir='ltr'><strong>Op.</strong></span> <span class='ocrx_word' id='word_1_279' title='bbox 785 4110 834 4158; x_wconf 81' lang='lat'><strong>53:</strong></span> <span class='ocrx_word' id='word_1_280' title='bbox 855 4103 945 4160; x_wconf 79' lang='lat' dir='ltr'><strong>‘cuine</strong></span> <span class='ocrx_word' id='word_1_281' title='bbox 959 4105 1028 4164; x_wconf 83' lang='lat' dir='ltr'><strong>haec</strong></span> <span class='ocrx_word' id='word_1_282' title='bbox 1042 4105 1115 4162; x_wconf 89' lang='lat' dir='ltr'><strong>ratio</strong></span> <span class='ocrx_word' id='word_1_283' title='bbox 1130 4110 1304 4178; x_wconf 71' lang='lat' dir='ltr'><strong>astutiam</strong></span> <span class='ocrx_word' id='word_1_284' title='bbox 1319 4112 1415 4181; x_wconf 89' lang='lat' dir='ltr'><strong>primo</strong></span> 
     </span>
     <span class='ocr_line' id='line_1_32' title="bbox 264 4192 1418 4268; baseline 0.005 -18"><span class='ocrx_word' id='word_1_285' title='bbox 264 4195 293 4250; x_wconf 90' lang='lat' dir='ltr'><strong>et</strong></span> <span class='ocrx_word' id='word_1_286' title='bbox 311 4193 340 4249; x_wconf 88' lang='lat' dir='ltr'><strong>in</strong></span> <span class='ocrx_word' id='word_1_287' title='bbox 359 4195 517 4250; x_wconf 83' lang='lat' dir='ltr'>BRVTIVS</span> <span class='ocrx_word' id='word_1_288' title='bbox 537 4198 567 4250; x_wconf 91' lang='lat' dir='ltr'><strong>et</strong></span> <span class='ocrx_word' id='word_1_289' title='bbox 584 4194 613 4250; x_wconf 91' lang='lat' dir='ltr'><strong>in</strong></span> <span class='ocrx_word' id='word_1_290' title='bbox 632 4192 841 4249; x_wconf 78' lang='lat' dir='ltr'>PROBISVMA</span> <span class='ocrx_word' id='word_1_291' title='bbox 856 4196 886 4248; x_wconf 87' lang='lat' dir='ltr'><strong>et</strong></span> <span class='ocrx_word' id='word_1_292' title='bbox 898 4193 928 4248; x_wconf 91' lang='lat' dir='ltr'><strong>in</strong></span> <span class='ocrx_word' id='word_1_293' title='bbox 943 4193 1055 4249; x_wconf 84' lang='lat' dir='ltr'>BRVTI</span> <span class='ocrx_word' id='word_1_294' title='bbox 1073 4213 1128 4252; x_wconf 93' lang='lat' dir='ltr'><strong>non</strong></span> <span class='ocrx_word' id='word_1_295' title='bbox 1146 4197 1319 4268; x_wconf 77' lang='lat' dir='ltr'><strong>geminatum</strong></span> <span class='ocrx_word' id='word_1_296' title='bbox 1339 4204 1418 4260; x_wconf 88' lang='lat' dir='ltr'><strong>esset</strong></span> 
     </span>
     <span class='ocr_line' id='line_1_33' title="bbox 264 4283 1416 4356; baseline 0.006 -18"><span class='ocrx_word' id='word_1_297' title='bbox 264 4285 437 4354; x_wconf 79' lang='lat' dir='ltr'><strong>constanter,</strong></span> <span class='ocrx_word' id='word_1_298' title='bbox 465 4287 529 4354; x_wconf 81' lang='lat' dir='ltr'><strong>post</strong></span> <span class='ocrx_word' id='word_1_299' title='bbox 551 4285 664 4341; x_wconf 86' lang='lat' dir='ltr'><strong>demum</strong></span> <span class='ocrx_word' id='word_1_300' title='bbox 693 4300 777 4353; x_wconf 85' lang='lat' dir='ltr'><strong>supra</strong></span> <span class='ocrx_word' id='word_1_301' title='bbox 800 4283 904 4353; x_wconf 77' lang='lat' dir='ltr'><strong>scripte</strong></span> <span class='ocrx_word' id='word_1_302' title='bbox 928 4283 951 4338; x_wconf 88' lang='grc' dir='ltr'><strong>Τ</strong></span> <span class='ocrx_word' id='word_1_303' title='bbox 974 4283 1070 4338; x_wconf 86' lang='lat' dir='ltr'><strong>littera</strong></span> <span class='ocrx_word' id='word_1_304' title='bbox 1093 4285 1278 4356; x_wconf 79' lang='lat' dir='ltr'><strong>corrigeretur</strong></span> <span class='ocrx_word' id='word_1_305' title='bbox 1300 4287 1416 4346; x_wconf 80' lang='lat' dir='ltr'>BRVT-</span> 
     </span>
    </p>
   </div>
   <div class='ocr_carea' id='block_1_8' title="bbox 261 3655 1554 4092">
    <p class='ocr_par' dir='ltr' id='par_1_8' title="bbox 261 3655 1554 4092">
     <span class='ocr_line' id='line_1_34' title="bbox 350 3655 1554 3735; baseline 0.006 -24"><span class='ocrx_word' id='word_1_306' title='bbox 350 3658 376 3727; x_wconf 78' lang='grc'><strong>*)</strong></span> <span class='ocrx_word' id='word_1_307' title='bbox 396 3655 542 3729; x_wconf 77' lang='lat' dir='ltr'><strong>[Conferte</strong></span> <span class='ocrx_word' id='word_1_308' title='bbox 561 3675 633 3727; x_wconf 85' lang='lat' dir='ltr'><strong>qnae</strong></span> <span class='ocrx_word' id='word_1_309' title='bbox 652 3657 763 3728; x_wconf 87' lang='lat' dir='ltr'><strong>scripsit</strong></span> <span class='ocrx_word' id='word_1_310' title='bbox 782 3657 952 3714; x_wconf 82' lang='lat' dir='ltr'><strong>RItschelius</strong></span> <span class='ocrx_word' id='word_1_311' title='bbox 971 3657 1001 3712; x_wconf 92' lang='lat' dir='ltr'><strong>in</strong></span> <span class='ocrx_word' id='word_1_312' title='bbox 1019 3659 1049 3713; x_wconf 91' lang='lat' dir='ltr'><strong>P.</strong></span> <span class='ocrx_word' id='word_1_313' title='bbox 1065 3659 1096 3714; x_wconf 83' lang='lat'><strong>1..</strong></span> <span class='ocrx_word' id='word_1_314' title='bbox 1111 3659 1148 3715; x_wconf 83' lang='lat' dir='ltr'><strong>M.</strong></span> <span class='ocrx_word' id='word_1_315' title='bbox 1164 3661 1196 3714; x_wconf 82' lang='lat' dir='ltr'><strong>E.</strong></span> <span class='ocrx_word' id='word_1_316' title='bbox 1215 3661 1311 3718; x_wconf 82' lang='lat' dir='ltr'><strong>Enarr.</strong></span> <span class='ocrx_word' id='word_1_317' title='bbox 1333 3683 1361 3735; x_wconf 90' lang='lat' dir='ltr'><strong>p.</strong></span> <span class='ocrx_word' id='word_1_318' title='bbox 1379 3673 1416 3722; x_wconf 79' lang='lat'><strong>52</strong></span> <span class='ocrx_word' id='word_1_319' title='bbox 1553 3679 1554 3686; x_wconf 54' lang='lat'>¹</span> 
     </span>
     <span class='ocr_line' id='line_1_35' title="bbox 261 3746 1554 3820; baseline 0.007 -16"><span class='ocrx_word' id='word_1_320' title='bbox 261 3749 297 3804; x_wconf 87' lang='lat' dir='ltr'><strong>ad</strong></span> <span class='ocrx_word' id='word_1_321' title='bbox 316 3746 443 3803; x_wconf 88' lang='lat' dir='ltr'><strong>tabulam</strong></span> <span class='ocrx_word' id='word_1_322' title='bbox 461 3747 524 3802; x_wconf 76' lang='lat' dir='ltr'><strong>nix</strong></span> <span class='ocrx_word' id='word_1_323' title='bbox 537 3747 579 3816; x_wconf 87' lang='grc' dir='ltr'><strong>Η,</strong></span> <span class='ocrx_word' id='word_1_324' title='bbox 599 3747 648 3802; x_wconf 91' lang='lat' dir='ltr'><strong>ubi</strong></span> <span class='ocrx_word' id='word_1_325' title='bbox 666 3751 890 3818; x_wconf 85' lang='lat' dir='ltr'><strong>repraesentatus</strong></span> <span class='ocrx_word' id='word_1_326' title='bbox 910 3751 950 3802; x_wconf 85' lang='lat' dir='ltr'><strong>est</strong></span> <span class='ocrx_word' id='word_1_327' title='bbox 968 3747 1068 3804; x_wconf 86' lang='lat' dir='ltr'><strong>titulus</strong></span> <span class='ocrx_word' id='word_1_328' title='bbox 1088 3751 1250 3820; x_wconf 83' lang='lat' dir='ltr'><strong>sepulcralis</strong></span> <span class='ocrx_word' id='word_1_329' title='bbox 1269 3752 1344 3808; x_wconf 79' lang='lat' dir='ltr'><strong>infra</strong></span> <span class='ocrx_word' id='word_1_330' title='bbox 1365 3755 1416 3813; x_wconf 87' lang='lat' dir='ltr'><strong>Se·</strong></span> <span class='ocrx_word' id='word_1_331' title='bbox 1553 3787 1554 3818; x_wconf 60' lang='lat' dir='ltr'><strong>i</strong></span> 
     </span>
     <span class='ocr_line' id='line_1_36' title="bbox 262 3837 1415 3908; baseline 0.003 -14"><span class='ocrx_word' id='word_1_332' title='bbox 262 3854 362 3894; x_wconf 87' lang='lat' dir='ltr'><strong>cenare</strong></span> <span class='ocrx_word' id='word_1_333' title='bbox 381 3837 507 3908; x_wconf 88' lang='lat' dir='ltr'><strong>repertus</strong></span> <span class='ocrx_word' id='word_1_334' title='bbox 527 3837 567 3905; x_wconf 84' lang='lat' dir='ltr'><strong>(G.</strong></span> <span class='ocrx_word' id='word_1_335' title='bbox 587 3837 607 3892; x_wconf 88' lang='grc' dir='ltr'><strong>Ι.</strong></span> <span class='ocrx_word' id='word_1_336' title='bbox 626 3837 656 3891; x_wconf 87' lang='lat' dir='ltr'><strong>L.</strong></span> <span class='ocrx_word' id='word_1_337' title='bbox 677 3838 734 3892; x_wconf 80' lang='lat'><strong>111.</strong></span> <span class='ocrx_word' id='word_1_338' title='bbox 755 3839 847 3906; x_wconf 55' lang='lat' dir='ltr'><strong>lietb</strong></span> <span class='ocrx_word' id='word_1_339' title='bbox 869 3837 961 3892; x_wconf 85' lang='lat' dir='ltr'><strong>‘Vnde</strong></span> <span class='ocrx_word' id='word_1_340' title='bbox 974 3837 1180 3893; x_wconf 77' lang='lat' dir='ltr'><strong>Posinnvnr</strong></span> <span class='ocrx_word' id='word_1_341' title='bbox 1199 3840 1318 3900; x_wconf 79' lang='lat' dir='ltr'><strong>formam</strong></span> <span class='ocrx_word' id='word_1_342' title='bbox 1338 3845 1415 3902; x_wconf 79' lang='lat' dir='ltr'><strong>adde</strong></span> 
     </span>
     <span class='ocr_line' id='line_1_37' title="bbox 262 3925 1415 3999; baseline 0.006 -15"><span class='ocrx_word' id='word_1_343' title='bbox 262 3927 303 3984; x_wconf 90' lang='lat' dir='ltr'><strong>eis</strong></span> <span class='ocrx_word' id='word_1_344' title='bbox 321 3944 393 3998; x_wconf 78' lang='lat' dir='ltr'><strong>quse</strong></span> <span class='ocrx_word' id='word_1_345' title='bbox 412 3927 446 3984; x_wconf 91' lang='lat' dir='ltr'><strong>de</strong></span> <span class='ocrx_word' id='word_1_346' title='bbox 465 3927 518 3982; x_wconf 87' lang='lat' dir='ltr'><strong>hae</strong></span> <span class='ocrx_word' id='word_1_347' title='bbox 537 3926 723 3984; x_wconf 82' lang='lat' dir='ltr'><strong>declinatione</strong></span> <span class='ocrx_word' id='word_1_348' title='bbox 742 3926 816 3984; x_wconf 83' lang='lat' dir='ltr'><strong>Mon.</strong></span> <span class='ocrx_word' id='word_1_349' title='bbox 837 3925 924 3998; x_wconf 72' lang='lat' dir='ltr'><strong>epigr.</strong></span> <span class='ocrx_word' id='word_1_350' title='bbox 939 3932 973 3982; x_wconf 86' lang='lat' dir='ltr'><strong>tr.</strong></span> <span class='ocrx_word' id='word_1_351' title='bbox 988 3946 1016 3998; x_wconf 91' lang='lat' dir='ltr'><strong>p.</strong></span> <span class='ocrx_word' id='word_1_352' title='bbox 1031 3935 1046 3982; x_wconf 82' lang='lat' dir='ltr'><strong>e</strong></span> <span class='ocrx_word' id='word_1_353' title='bbox 1065 3927 1209 3998; x_wconf 80' lang='lat' dir='ltr'><strong>disputate</strong></span> <span class='ocrx_word' id='word_1_354' title='bbox 1222 3931 1295 3986; x_wconf 80' lang='lat' dir='ltr'><strong>eunt</strong></span> <span class='ocrx_word' id='word_1_355' title='bbox 1320 3931 1415 3999; x_wconf 80' lang='lat' dir='ltr'><strong>Quam</strong></span> 
     </span>
     <span class='ocr_line' id='line_1_38' title="bbox 263 4015 1283 4092; baseline 0.003 -18"><span class='ocrx_word' id='word_1_356' title='bbox 263 4035 278 4074; x_wconf 92' lang='lat' dir='ltr'><strong>e</strong></span> <span class='ocrx_word' id='word_1_357' title='bbox 296 4016 497 4075; x_wconf 85' lang='lat' dir='ltr'><strong>recentioribus</strong></span> <span class='ocrx_word' id='word_1_358' title='bbox 515 4015 607 4072; x_wconf 87' lang='lat' dir='ltr'><strong>titulis</strong></span> <span class='ocrx_word' id='word_1_359' title='bbox 626 4015 713 4072; x_wconf 84' lang='lat' dir='ltr'><strong>etiam</strong></span> <span class='ocrx_word' id='word_1_360' title='bbox 733 4015 891 4077; x_wconf 80' lang='lat' dir='ltr'><strong>Orellisnus</strong></span> <span class='ocrx_word' id='word_1_361' title='bbox 911 4021 980 4074; x_wconf 82' lang='grc'>1993</span> <span class='ocrx_word' id='word_1_362' title='bbox 996 4016 1137 4074; x_wconf 64' lang='lat' dir='ltr'><strong>serravit)</strong></span> <span class='ocrx_word' id='word_1_363' title='bbox 1177 4019 1206 4076; x_wconf 83' lang='lat' dir='ltr'><strong>C.</strong></span> <span class='ocrx_word' id='word_1_364' title='bbox 1226 4019 1283 4092; x_wconf 62' lang='grc' dir='ltr'><strong>ΙΙΙ]</strong></span> 
     </span>
    </p>
   </div>
   <div class='ocr_carea' id='block_1_9' title="bbox 264 4343 1554 4446">
    <p class='ocr_par' dir='ltr' id='par_1_9' title="bbox 264 4343 1554 4446">
     <span class='ocr_line' id='line_1_39' title="bbox 264 4343 1554 4446; baseline 0.009 -20"><span class='ocrx_word' id='word_1_365' title='bbox 264 4371 355 4426; x_wconf 82' lang='lat' dir='ltr'>TIVS.</span> <span class='ocrx_word' id='word_1_366' title='bbox 389 4373 452 4427; x_wconf 86' lang='lat' dir='ltr'><strong>Non</strong></span> <span class='ocrx_word' id='word_1_367' title='bbox 470 4373 538 4428; x_wconf 85' lang='lat' dir='ltr'><strong>satis</strong></span> <span class='ocrx_word' id='word_1_368' title='bbox 557 4373 615 4429; x_wconf 81' lang='lat' dir='ltr'><strong>diri</strong></span> <span class='ocrx_word' id='word_1_369' title='bbox 634 4391 697 4428; x_wconf 88' lang='lat' dir='ltr'><strong>eum</strong></span> <span class='ocrx_word' id='word_1_370' title='bbox 716 4389 771 4428; x_wconf 88' lang='lat' dir='ltr'><strong>non</strong></span> <span class='ocrx_word' id='word_1_371' title='bbox 785 4389 845 4428; x_wconf 82' lang='lat' dir='ltr'><strong>esre</strong></span> <span class='ocrx_word' id='word_1_372' title='bbox 859 4373 1043 4444; x_wconf 74' lang='lat' dir='ltr'><strong>posteriorem</strong></span> <span class='ocrx_word' id='word_1_373' title='bbox 1057 4373 1178 4446; x_wconf 82' lang='lat' dir='ltr'><strong>septimo</strong></span> <span class='ocrx_word' id='word_1_374' title='bbox 1192 4376 1304 4434; x_wconf 79' lang='lat' dir='ltr'><strong>saeculo</strong></span> <span class='ocrx_word' id='word_1_375' title='bbox 1319 4379 1416 4438; x_wconf 85' lang='lat' dir='ltr'><strong>medio</strong></span> <span class='ocrx_word' id='word_1_376' title='bbox 1553 4343 1554 4378; x_wconf 40' lang='lat' dir='ltr'><strong>l</strong></span> 
     </span>
    </p>
   </div>
   <div class='ocr_carea' id='block_1_10' title="bbox 264 4461 890 4536">
    <p class='ocr_par' dir='ltr' id='par_1_10' title="bbox 264 4461 890 4536">
     <span class='ocr_line' id='line_1_40' title="bbox 264 4461 890 4536; baseline -0.003 -18"><span class='ocrx_word' id='word_1_377' title='bbox 264 4461 386 4518; x_wconf 84' lang='lat' dir='ltr'><strong>iudicavi</strong></span> <span class='ocrx_word' id='word_1_378' title='bbox 405 4461 479 4522; x_wconf 84' lang='lat' dir='ltr'><strong>Mon.</strong></span> <span class='ocrx_word' id='word_1_379' title='bbox 498 4461 586 4534; x_wconf 77' lang='lat' dir='ltr'><strong>epigr.</strong></span> <span class='ocrx_word' id='word_1_380' title='bbox 604 4465 638 4519; x_wconf 88' lang='lat' dir='ltr'><strong>tr.</strong></span> <span class='ocrx_word' id='word_1_381' title='bbox 658 4461 742 4536; x_wconf 82' lang='lat' dir='ltr'><strong>p..6.’</strong></span> <span class='ocrx_word' id='word_1_382' title='bbox 782 4461 811 4522; x_wconf 72' lang='lat' dir='ltr'><strong>(l.</strong></span> <span class='ocrx_word' id='word_1_383' title='bbox 831 4461 890 4534; x_wconf 89' lang='lat' dir='ltr'><strong>VV.]</strong></span> 
     </span>
    </p>
   </div>
   <div class='ocr_carea' id='block_1_11' title="bbox 0 0 1565 5066">
    <p class='ocr_par' dir='ltr' id='par_1_11' title="bbox 0 0 1565 5066">
     <span class='ocr_line' id='line_1_41' title="bbox 0 0 1565 5066; baseline 0 0"><span class='ocrx_word' id='word_1_384' title='bbox 0 0 1565 5066; x_wconf 95' lang='lat' dir='ltr'><strong> </strong></span> 
     </span>
    </p>
   </div>
  </div>
 </body>
</html>
