<?xml version="1.0" encoding="UTF-8"?>
<!DOCTYPE html PUBLIC "-//W3C//DTD XHTML 1.0 Transitional//EN"
    "http://www.w3.org/TR/xhtml1/DTD/xhtml1-transitional.dtd">
<html xmlns="http://www.w3.org/1999/xhtml" xml:lang="en" lang="en">
 <head>
  <title>
</title>
<meta http-equiv="Content-Type" content="text/html;charset=utf-8" />
  <meta name='ocr-system' content='tesseract 3.04.00' />
  <meta name='ocr-capabilities' content='ocr_page ocr_carea ocr_par ocr_line ocrx_word'/>
</head>
<body>
  <div class='ocr_page' id='page_1' title='image "./fridericiritsch08wachgoog/fridericiritsch08wachgoog_0464.png"; bbox 0 0 3254 5090; ppageno 0'>
   <div class='ocr_carea' id='block_1_1' title="bbox 399 398 1376 462">
    <p class='ocr_par' dir='ltr' id='par_1_1' title="bbox 399 398 1376 462">
     <span class='ocr_line' id='line_1_1' title="bbox 399 398 1376 462; baseline 0.002 -2"><span class='ocrx_word' id='word_1_1' title='bbox 399 423 409 444; x_wconf 85' lang='lat'><strong>·</strong></span> <span class='ocrx_word' id='word_1_2' title='bbox 517 412 803 462; x_wconf 77' lang='lat' dir='ltr'>osssnvarrouss</span> <span class='ocrx_word' id='word_1_3' title='bbox 827 413 1092 462; x_wconf 75' lang='lat' dir='ltr'>arroasrmcan.</span> <span class='ocrx_word' id='word_1_4' title='bbox 1312 398 1376 462; x_wconf 88' lang='grc'>439</span> 
     </span>
    </p>
   </div>
   <div class='ocr_carea' id='block_1_2' title="bbox 229 553 1425 1925">
    <p class='ocr_par' dir='ltr' id='par_1_2' title="bbox 229 553 1425 1925">
     <span class='ocr_line' id='line_1_2' title="bbox 234 553 1425 642; baseline -0.002 -20"><span class='ocrx_word' id='word_1_5' title='bbox 234 562 266 622; x_wconf 87' lang='lat' dir='ltr'>et</span> <span class='ocrx_word' id='word_1_6' title='bbox 289 557 481 641; x_wconf 87' lang='lat' dir='ltr'>simplicius,</span> <span class='ocrx_word' id='word_1_7' title='bbox 509 557 564 622; x_wconf 87' lang='lat' dir='ltr'>scd</span> <span class='ocrx_word' id='word_1_8' title='bbox 593 578 658 621; x_wconf 92' lang='lat' dir='ltr'>non</span> <span class='ocrx_word' id='word_1_9' title='bbox 686 557 793 622; x_wconf 90' lang='lat' dir='ltr'>minus</span> <span class='ocrx_word' id='word_1_10' title='bbox 822 561 933 642; x_wconf 85' lang='lat' dir='ltr'>aperte</span> <span class='ocrx_word' id='word_1_11' title='bbox 959 553 1071 621; x_wconf 83' lang='lat' dir='ltr'>Livius</span> <span class='ocrx_word' id='word_1_12' title='bbox 1095 555 1198 640; x_wconf 85' lang='lat' dir='ltr'>XXV,</span> <span class='ocrx_word' id='word_1_13' title='bbox 1216 557 1285 639; x_wconf 83' lang='grc'>4,9</span> <span class='ocrx_word' id='word_1_14' title='bbox 1310 555 1378 621; x_wconf 77' lang='lat' dir='ltr'>‘tri-</span> <span class='ocrx_word' id='word_1_15' title='bbox 1418 553 1425 568; x_wconf 91' lang='lat'><em>&#39;</em></span> 
     </span>
     <span class='ocr_line' id='line_1_3' title="bbox 233 663 1377 750; baseline 0 -22"><span class='ocrx_word' id='word_1_16' title='bbox 233 663 323 728; x_wconf 91' lang='lat' dir='ltr'>buni&#39;</span> <span class='ocrx_word' id='word_1_17' title='bbox 350 665 456 750; x_wconf 91' lang='lat' dir='ltr'>inquit</span> <span class='ocrx_word' id='word_1_18' title='bbox 484 663 622 748; x_wconf 77' lang='lat' dir='ltr'>‘plebem</span> <span class='ocrx_word' id='word_1_19' title='bbox 650 667 848 750; x_wconf 82' lang='lat' dir='ltr'>rogaverunt</span> <span class='ocrx_word' id='word_1_20' title='bbox 874 665 1050 750; x_wconf 80' lang='lat' dir='ltr'>pietasque</span> <span class='ocrx_word' id='word_1_21' title='bbox 1079 665 1125 729; x_wconf 87' lang='lat' dir='ltr'>ita</span> <span class='ocrx_word' id='word_1_22' title='bbox 1153 663 1268 746; x_wconf 71' lang='lat' dir='ltr'>scivit,</span> <span class='ocrx_word' id='word_1_23' title='bbox 1298 663 1377 729; x_wconf 89' lang='lat' dir='ltr'>item</span> 
     </span>
     <span class='ocr_line' id='line_1_4' title="bbox 232 769 1375 856; baseline 0 -22"><span class='ocrx_word' id='word_1_24' title='bbox 232 769 366 854; x_wconf 87' lang='lat' dir='ltr'>XXVII,</span> <span class='ocrx_word' id='word_1_25' title='bbox 385 771 414 855; x_wconf 86' lang='lat'>5,</span> <span class='ocrx_word' id='word_1_26' title='bbox 437 771 476 835; x_wconf 80' lang='lat'>17</span> <span class='ocrx_word' id='word_1_27' title='bbox 501 769 635 834; x_wconf 78' lang='lat' dir='ltr'>‘tribuni</span> <span class='ocrx_word' id='word_1_28' title='bbox 658 770 763 854; x_wconf 87' lang='lat' dir='ltr'>plebis</span> <span class='ocrx_word' id='word_1_29' title='bbox 786 776 944 856; x_wconf 83' lang='lat' dir='ltr'>rogarunt</span> <span class='ocrx_word' id='word_1_30' title='bbox 966 772 1141 856; x_wconf 80' lang='lat' dir='ltr'>plebesque</span> <span class='ocrx_word' id='word_1_31' title='bbox 1166 770 1285 836; x_wconf 81' lang='lat' dir='ltr'>scivit&#39;:</span> <span class='ocrx_word' id='word_1_32' title='bbox 1309 771 1375 856; x_wconf 91' lang='lat' dir='ltr'>qui·</span> 
     </span>
     <span class='ocr_line' id='line_1_5' title="bbox 232 873 1378 962; baseline -0.002 -19"><span class='ocrx_word' id='word_1_33' title='bbox 232 880 291 943; x_wconf 93' lang='lat' dir='ltr'>bns</span> <span class='ocrx_word' id='word_1_34' title='bbox 316 876 471 962; x_wconf 83' lang='lat' dir='ltr'>exemplis</span> <span class='ocrx_word' id='word_1_35' title='bbox 499 877 563 941; x_wconf 88' lang='lat' dir='ltr'>iam</span> <span class='ocrx_word' id='word_1_36' title='bbox 587 873 774 942; x_wconf 87' lang='lat' dir='ltr'>Brissonius</span> <span class='ocrx_word' id='word_1_37' title='bbox 807 900 884 942; x_wconf 88' lang='lat' dir='ltr'>usus</span> <span class='ocrx_word' id='word_1_38' title='bbox 918 878 956 941; x_wconf 89' lang='lat' dir='ltr'>de</span> <span class='ocrx_word' id='word_1_39' title='bbox 988 877 1137 942; x_wconf 91' lang='lat' dir='ltr'>formulis</span> <span class='ocrx_word' id='word_1_40' title='bbox 1165 877 1211 962; x_wconf 88' lang='lat' dir='ltr'>II,</span> <span class='ocrx_word' id='word_1_41' title='bbox 1234 879 1282 944; x_wconf 88' lang='lat'>18.</span> <span class='ocrx_word' id='word_1_42' title='bbox 1329 877 1378 942; x_wconf 85' lang='lat' dir='ltr'>Ac</span> 
     </span>
     <span class='ocr_line' id='line_1_6' title="bbox 230 983 1378 1068; baseline 0 -20"><span class='ocrx_word' id='word_1_43' title='bbox 230 985 369 1050; x_wconf 86' lang='lat' dir='ltr'>fortasse</span> <span class='ocrx_word' id='word_1_44' title='bbox 393 1007 458 1050; x_wconf 92' lang='lat' dir='ltr'>non</span> <span class='ocrx_word' id='word_1_45' title='bbox 481 984 590 1067; x_wconf 89' lang='lat' dir='ltr'>inepte</span> <span class='ocrx_word' id='word_1_46' title='bbox 614 983 773 1068; x_wconf 86' lang='lat' dir='ltr'><strong>quispiam</strong></span> <span class='ocrx_word' id='word_1_47' title='bbox 799 983 879 1048; x_wconf 91' lang='lat' dir='ltr'>illud</span> <span class='ocrx_word' id='word_1_48' title='bbox 903 984 1010 1068; x_wconf 85' lang='lat' dir='ltr'>ipsum</span> <span class='ocrx_word' id='word_1_49' title='bbox 1033 983 1143 1049; x_wconf 87' lang='lat' dir='ltr'>dedita</span> <span class='ocrx_word' id='word_1_50' title='bbox 1166 1005 1265 1067; x_wconf 86' lang='lat' dir='ltr'>opera</span> <span class='ocrx_word' id='word_1_51' title='bbox 1287 983 1378 1048; x_wconf 91' lang='lat' dir='ltr'>insti·</span> 
     </span>
     <span class='ocr_line' id='line_1_7' title="bbox 231 1089 1377 1174; baseline -0.003 -16"><span class='ocrx_word' id='word_1_52' title='bbox 231 1093 332 1159; x_wconf 88' lang='lat' dir='ltr'>tuisse</span> <span class='ocrx_word' id='word_1_53' title='bbox 357 1089 481 1156; x_wconf 85' lang='lat' dir='ltr'>Sullam</span> <span class='ocrx_word' id='word_1_54' title='bbox 505 1089 695 1154; x_wconf 82' lang='lat' dir='ltr'>dictatorem</span> <span class='ocrx_word' id='word_1_55' title='bbox 720 1089 870 1169; x_wconf 74' lang='lat' dir='ltr'>coniciet,</span> <span class='ocrx_word' id='word_1_56' title='bbox 900 1093 949 1174; x_wconf 89' lang='lat' dir='ltr'>ut,</span> <span class='ocrx_word' id='word_1_57' title='bbox 979 1113 1052 1155; x_wconf 90' lang='lat' dir='ltr'>cum</span> <span class='ocrx_word' id='word_1_58' title='bbox 1081 1093 1248 1156; x_wconf 85' lang='lat' dir='ltr'>attenuare</span> <span class='ocrx_word' id='word_1_59' title='bbox 1276 1090 1377 1155; x_wconf 91' lang='lat' dir='ltr'>tribu-</span> 
     </span>
     <span class='ocr_line' id='line_1_8' title="bbox 231 1195 1377 1282; baseline -0.003 -20"><span class='ocrx_word' id='word_1_60' title='bbox 231 1199 349 1263; x_wconf 82' lang='lat' dir='ltr'><strong>niciam</strong></span> <span class='ocrx_word' id='word_1_61' title='bbox 373 1199 568 1282; x_wconf 84' lang='lat' dir='ltr'>potestatem</span> <span class='ocrx_word' id='word_1_62' title='bbox 592 1195 702 1281; x_wconf 84' lang='lat' dir='ltr'>vellat,</span> <span class='ocrx_word' id='word_1_63' title='bbox 725 1219 790 1262; x_wconf 91' lang='lat' dir='ltr'>non</span> <span class='ocrx_word' id='word_1_64' title='bbox 809 1197 978 1282; x_wconf 88' lang='lat' dir='ltr'>pauculos,</span> <span class='ocrx_word' id='word_1_65' title='bbox 1002 1196 1232 1262; x_wconf 88' lang='lat' dir='ltr'>sed-maiorem</span> <span class='ocrx_word' id='word_1_66' title='bbox 1250 1197 1377 1280; x_wconf 87' lang='lat' dir='ltr'>partem</span> 
     </span>
     <span class='ocr_line' id='line_1_9' title="bbox 231 1302 1378 1390; baseline -0.003 -20"><span class='ocrx_word' id='word_1_67' title='bbox 231 1306 435 1372; x_wconf 88' lang='lat' dir='ltr'>tribunorum</span> <span class='ocrx_word' id='word_1_68' title='bbox 468 1319 583 1390; x_wconf 77' lang='lat' dir='ltr'>rogare</span> <span class='ocrx_word' id='word_1_69' title='bbox 615 1304 704 1388; x_wconf 86' lang='lat' dir='ltr'>leges</span> <span class='ocrx_word' id='word_1_70' title='bbox 736 1302 876 1369; x_wconf 87' lang='lat' dir='ltr'>iuberet:</span> <span class='ocrx_word' id='word_1_71' title='bbox 910 1303 994 1389; x_wconf 90' lang='lat' dir='ltr'>quod</span> <span class='ocrx_word' id='word_1_72' title='bbox 1024 1307 1148 1388; x_wconf 89' lang='lat' dir='ltr'>tamen,</span> <span class='ocrx_word' id='word_1_73' title='bbox 1180 1307 1217 1368; x_wconf 88' lang='lat' dir='ltr'>ut</span> <span class='ocrx_word' id='word_1_74' title='bbox 1243 1302 1278 1367; x_wconf 92' lang='lat' dir='ltr'>in</span> <span class='ocrx_word' id='word_1_75' title='bbox 1306 1303 1378 1368; x_wconf 88' lang='lat' dir='ltr'>sola</span> 
     </span>
     <span class='ocr_line' id='line_1_10' title="bbox 231 1409 1377 1496; baseline -0.003 -18"><span class='ocrx_word' id='word_1_76' title='bbox 231 1413 416 1479; x_wconf 85' lang='lat' dir='ltr'>coniectura</span> <span class='ocrx_word' id='word_1_77' title='bbox 434 1411 586 1496; x_wconf 87' lang='lat' dir='ltr'>positum,</span> <span class='ocrx_word' id='word_1_78' title='bbox 609 1411 704 1476; x_wconf 87' lang='lat' dir='ltr'>facilc</span> <span class='ocrx_word' id='word_1_79' title='bbox 723 1413 862 1476; x_wconf 85' lang='lat' dir='ltr'>feremus</span> <span class='ocrx_word' id='word_1_80' title='bbox 882 1411 910 1476; x_wconf 93' lang='lat' dir='ltr'>si</span> <span class='ocrx_word' id='word_1_81' title='bbox 930 1411 1002 1496; x_wconf 89' lang='lat' dir='ltr'>quis</span> <span class='ocrx_word' id='word_1_82' title='bbox 1022 1411 1150 1476; x_wconf 87' lang='lat' dir='ltr'>credere</span> <span class='ocrx_word' id='word_1_83' title='bbox 1171 1409 1377 1476; x_wconf 78' lang='lat' dir='ltr'>recusaverit.</span> 
     </span>
     <span class='ocr_line' id='line_1_11' title="bbox 319 1516 1376 1604; baseline -0.004 -19"><span class='ocrx_word' id='word_1_84' title='bbox 319 1518 394 1586; x_wconf 91' lang='lat' dir='ltr'>Non</span> <span class='ocrx_word' id='word_1_85' title='bbox 417 1520 586 1604; x_wconf 84' lang='lat' dir='ltr'>pauciores</span> <span class='ocrx_word' id='word_1_86' title='bbox 615 1541 711 1604; x_wconf 87' lang='lat' dir='ltr'>qnam</span> <span class='ocrx_word' id='word_1_87' title='bbox 740 1521 895 1603; x_wconf 88' lang='lat' dir='ltr'>quattuor</span> <span class='ocrx_word' id='word_1_88' title='bbox 921 1517 1051 1583; x_wconf 87' lang='lat' dir='ltr'>tabulas</span> <span class='ocrx_word' id='word_1_89' title='bbox 1081 1517 1182 1582; x_wconf 87' lang='lat' dir='ltr'>fuisse</span> <span class='ocrx_word' id='word_1_90' title='bbox 1204 1517 1287 1602; x_wconf 81' lang='lat' dir='ltr'>legis</span> <span class='ocrx_word' id='word_1_91' title='bbox 1310 1516 1376 1581; x_wconf 86' lang='lat' dir='ltr'>An-</span> 
     </span>
     <span class='ocr_line' id='line_1_12' title="bbox 229 1621 1378 1711; baseline -0.002 -21"><span class='ocrx_word' id='word_1_92' title='bbox 229 1627 338 1692; x_wconf 89' lang='lat' dir='ltr'>toniae</span> <span class='ocrx_word' id='word_1_93' title='bbox 365 1623 443 1711; x_wconf 93' lang='lat' dir='ltr'>(qno</span> <span class='ocrx_word' id='word_1_94' title='bbox 470 1626 600 1690; x_wconf 88' lang='lat' dir='ltr'>nomine</span> <span class='ocrx_word' id='word_1_95' title='bbox 629 1623 795 1690; x_wconf 85' lang='lat' dir='ltr'>dicendam</span> <span class='ocrx_word' id='word_1_96' title='bbox 823 1647 893 1689; x_wconf 88' lang='lat' dir='ltr'>esse</span> <span class='ocrx_word' id='word_1_97' title='bbox 922 1625 1102 1688; x_wconf 67' lang='lat' dir='ltr'>rectissime</span> <span class='ocrx_word' id='word_1_98' title='bbox 1130 1621 1167 1688; x_wconf 82' lang='lat' dir='ltr'>G.</span> <span class='ocrx_word' id='word_1_99' title='bbox 1195 1623 1229 1688; x_wconf 81' lang='lat' dir='ltr'>F.</span> <span class='ocrx_word' id='word_1_100' title='bbox 1252 1623 1378 1688; x_wconf 87' lang='lat' dir='ltr'>Pucbta</span> 
     </span>
     <span class='ocr_line' id='line_1_13' title="bbox 229 1729 1376 1817; baseline -0.003 -19"><span class='ocrx_word' id='word_1_101' title='bbox 229 1733 382 1798; x_wconf 87' lang='lat' dir='ltr'>monebat</span> <span class='ocrx_word' id='word_1_102' title='bbox 404 1733 511 1797; x_wconf 88' lang='lat' dir='ltr'>Instit.</span> <span class='ocrx_word' id='word_1_103' title='bbox 533 1731 549 1796; x_wconf 91' lang='lat' dir='ltr'>I</span> <span class='ocrx_word' id='word_1_104' title='bbox 573 1755 603 1816; x_wconf 93' lang='lat' dir='ltr'>p.</span> <span class='ocrx_word' id='word_1_105' title='bbox 623 1731 688 1796; x_wconf 79' lang='lat'>262</span> <span class='ocrx_word' id='word_1_106' title='bbox 712 1731 759 1796; x_wconf 86' lang='lat' dir='ltr'>ed.</span> <span class='ocrx_word' id='word_1_107' title='bbox 782 1729 869 1817; x_wconf 90' lang='lat' dir='ltr'>tert.)</span> <span class='ocrx_word' id='word_1_108' title='bbox 892 1730 1198 1795; x_wconf 86' lang='lat' dir='ltr'>demonstravimus:</span> <span class='ocrx_word' id='word_1_109' title='bbox 1221 1729 1299 1794; x_wconf 88' lang='lat' dir='ltr'>lieet</span> <span class='ocrx_word' id='word_1_110' title='bbox 1322 1754 1376 1795; x_wconf 88' lang='lat' dir='ltr'>au·</span> 
     </span>
     <span class='ocr_line' id='line_1_14' title="bbox 230 1837 1377 1925; baseline -0.003 -20"><span class='ocrx_word' id='word_1_111' title='bbox 230 1845 296 1905; x_wconf 90' lang='lat' dir='ltr'>tem</span> <span class='ocrx_word' id='word_1_112' title='bbox 320 1839 472 1925; x_wconf 83' lang='lat' dir='ltr'>progredi</span> <span class='ocrx_word' id='word_1_113' title='bbox 500 1839 587 1903; x_wconf 86' lang='lat' dir='ltr'>ultra</span> <span class='ocrx_word' id='word_1_114' title='bbox 614 1837 767 1922; x_wconf 90' lang='lat' dir='ltr'>illamque</span> <span class='ocrx_word' id='word_1_115' title='bbox 795 1837 955 1921; x_wconf 86' lang='lat' dir='ltr'>suspicari</span> <span class='ocrx_word' id='word_1_116' title='bbox 982 1838 1122 1902; x_wconf 85' lang='lat' dir='ltr'>fortasse</span> <span class='ocrx_word' id='word_1_117' title='bbox 1151 1859 1208 1921; x_wconf 90' lang='lat' dir='ltr'>per</span> <span class='ocrx_word' id='word_1_118' title='bbox 1238 1837 1377 1921; x_wconf 90' lang='lat' dir='ltr'>quinque</span> 
     </span>
    </p>
   </div>
   <div class='ocr_carea' id='block_1_3' title="bbox 229 1943 1377 2567">
    <p class='ocr_par' dir='ltr' id='par_1_3' title="bbox 229 1943 1377 2567">
     <span class='ocr_line' id='line_1_15' title="bbox 231 1943 1377 2030; baseline -0.002 -18"><span class='ocrx_word' id='word_1_119' title='bbox 231 1948 309 2012; x_wconf 84' lang='lat' dir='ltr'>adeo</span> <span class='ocrx_word' id='word_1_120' title='bbox 333 1946 463 2012; x_wconf 86' lang='lat' dir='ltr'>tabulas</span> <span class='ocrx_word' id='word_1_121' title='bbox 487 1945 708 2011; x_wconf 87' lang='lat' dir='ltr'>continuatam</span> <span class='ocrx_word' id='word_1_122' title='bbox 727 1967 806 2010; x_wconf 89' lang='lat' dir='ltr'>esse.</span> <span class='ocrx_word' id='word_1_123' title='bbox 840 1943 939 2009; x_wconf 84' lang='lat' dir='ltr'>Cuius</span> <span class='ocrx_word' id='word_1_124' title='bbox 954 1943 1145 2030; x_wconf 71' lang='lat' dir='ltr'>suspitionis</span> <span class='ocrx_word' id='word_1_125' title='bbox 1165 1965 1261 2009; x_wconf 87' lang='lat' dir='ltr'>unam</span> <span class='ocrx_word' id='word_1_126' title='bbox 1280 1944 1377 2010; x_wconf 85' lang='lat' dir='ltr'>ratio·</span> 
     </span>
     <span class='ocr_line' id='line_1_16' title="bbox 230 2051 1376 2138; baseline -0.002 -20"><span class='ocrx_word' id='word_1_127' title='bbox 230 2077 304 2118; x_wconf 85' lang='lat' dir='ltr'>nem</span> <span class='ocrx_word' id='word_1_128' title='bbox 327 2051 412 2118; x_wconf 89' lang='lat' dir='ltr'>hanc</span> <span class='ocrx_word' id='word_1_129' title='bbox 434 2052 601 2136; x_wconf 89' lang='lat' dir='ltr'>babemus,</span> <span class='ocrx_word' id='word_1_130' title='bbox 629 2051 715 2137; x_wconf 92' lang='lat' dir='ltr'>quod</span> <span class='ocrx_word' id='word_1_131' title='bbox 738 2051 802 2118; x_wconf 87' lang='lat' dir='ltr'>loci</span> <span class='ocrx_word' id='word_1_132' title='bbox 826 2074 863 2117; x_wconf 87' lang='lat' dir='ltr'>ac</span> <span class='ocrx_word' id='word_1_133' title='bbox 886 2052 1042 2136; x_wconf 85' lang='lat' dir='ltr'>temporis</span> <span class='ocrx_word' id='word_1_134' title='bbox 1067 2051 1319 2138; x_wconf 86' lang='lat' dir='ltr'>adscriptionem</span> <span class='ocrx_word' id='word_1_135' title='bbox 1343 2052 1376 2116; x_wconf 92' lang='lat' dir='ltr'>in</span> 
     </span>
     <span class='ocr_line' id='line_1_17' title="bbox 229 2159 1376 2246; baseline -0.001 -22"><span class='ocrx_word' id='word_1_136' title='bbox 229 2162 356 2246; x_wconf 84' lang='lat' dir='ltr'>legibus</span> <span class='ocrx_word' id='word_1_137' title='bbox 376 2161 497 2226; x_wconf 86' lang='lat' dir='ltr'>actisvc</span> <span class='ocrx_word' id='word_1_138' title='bbox 516 2160 654 2244; x_wconf 90' lang='lat' dir='ltr'>publicis</span> <span class='ocrx_word' id='word_1_139' title='bbox 674 2159 786 2244; x_wconf 94' lang='lat' dir='ltr'>populi</span> <span class='ocrx_word' id='word_1_140' title='bbox 802 2159 941 2224; x_wconf 88' lang='lat' dir='ltr'>Romani</span> <span class='ocrx_word' id='word_1_141' title='bbox 959 2182 1112 2246; x_wconf 90' lang='lat' dir='ltr'>nmquam</span> <span class='ocrx_word' id='word_1_142' title='bbox 1132 2159 1287 2225; x_wconf 88' lang='lat' dir='ltr'>omissam</span> <span class='ocrx_word' id='word_1_143' title='bbox 1306 2181 1376 2224; x_wconf 87' lang='lat' dir='ltr'>esso</span> 
     </span>
     <span class='ocr_line' id='line_1_18' title="bbox 230 2265 1375 2352; baseline -0.002 -18"><span class='ocrx_word' id='word_1_144' title='bbox 230 2269 282 2334; x_wconf 87' lang='lat' dir='ltr'>vix</span> <span class='ocrx_word' id='word_1_145' title='bbox 314 2268 460 2334; x_wconf 88' lang='lat' dir='ltr'>videmur</span> <span class='ocrx_word' id='word_1_146' title='bbox 493 2267 665 2334; x_wconf 90' lang='lat' dir='ltr'>concedere</span> <span class='ocrx_word' id='word_1_147' title='bbox 698 2289 803 2352; x_wconf 89' lang='lat' dir='ltr'>posse.</span> <span class='ocrx_word' id='word_1_148' title='bbox 853 2265 902 2331; x_wconf 90' lang='lat' dir='ltr'>De</span> <span class='ocrx_word' id='word_1_149' title='bbox 929 2267 1057 2351; x_wconf 84' lang='lat' dir='ltr'>legibus</span> <span class='ocrx_word' id='word_1_150' title='bbox 1089 2287 1155 2331; x_wconf 91' lang='lat' dir='ltr'>non</span> <span class='ocrx_word' id='word_1_151' title='bbox 1186 2265 1375 2350; x_wconf 78' lang='lat' dir='ltr'>ignoramus</span> 
     </span>
     <span class='ocr_line' id='line_1_19' title="bbox 230 2373 1376 2459; baseline -0.003 -18"><span class='ocrx_word' id='word_1_152' title='bbox 230 2379 344 2442; x_wconf 89' lang='lat' dir='ltr'>contra</span> <span class='ocrx_word' id='word_1_153' title='bbox 367 2375 466 2440; x_wconf 88' lang='lat' dir='ltr'>statui</span> <span class='ocrx_word' id='word_1_154' title='bbox 491 2375 693 2459; x_wconf 84' lang='lat' dir='ltr'>plerumque:</span> <span class='ocrx_word' id='word_1_155' title='bbox 716 2395 827 2438; x_wconf 81' lang='lat' dir='ltr'>rerum</span> <span class='ocrx_word' id='word_1_156' title='bbox 846 2377 882 2438; x_wconf 89' lang='lat' dir='ltr'>ut</span> <span class='ocrx_word' id='word_1_157' title='bbox 900 2376 1010 2438; x_wconf 86' lang='lat' dir='ltr'>tamen</span> <span class='ocrx_word' id='word_1_158' title='bbox 1028 2396 1086 2439; x_wconf 88' lang='lat' dir='ltr'>nec</span> <span class='ocrx_word' id='word_1_159' title='bbox 1107 2373 1299 2439; x_wconf 89' lang='lat' dir='ltr'>documenta</span> <span class='ocrx_word' id='word_1_160' title='bbox 1316 2395 1376 2439; x_wconf 87' lang='lat' dir='ltr'>nec</span> 
     </span>
     <span class='ocr_line' id='line_1_20' title="bbox 229 2477 1376 2567; baseline -0.003 -20"><span class='ocrx_word' id='word_1_161' title='bbox 229 2485 421 2567; x_wconf 84' lang='lat' dir='ltr'>argumenta</span> <span class='ocrx_word' id='word_1_162' title='bbox 443 2481 572 2564; x_wconf 88' lang='lat' dir='ltr'>prolata</span> <span class='ocrx_word' id='word_1_163' title='bbox 595 2479 670 2544; x_wconf 86' lang='lat' dir='ltr'>sint.</span> <span class='ocrx_word' id='word_1_164' title='bbox 702 2477 794 2544; x_wconf 91' lang='lat' dir='ltr'>Nihil</span> <span class='ocrx_word' id='word_1_165' title='bbox 818 2479 905 2543; x_wconf 89' lang='lat' dir='ltr'>enim</span> <span class='ocrx_word' id='word_1_166' title='bbox 928 2479 1035 2564; x_wconf 82' lang='lat' dir='ltr'>magis</span> <span class='ocrx_word' id='word_1_167' title='bbox 1055 2477 1186 2564; x_wconf 91' lang='lat' dir='ltr'>mirum,</span> <span class='ocrx_word' id='word_1_168' title='bbox 1209 2481 1260 2545; x_wconf 83' lang='lat' dir='ltr'>vel</span> <span class='ocrx_word' id='word_1_169' title='bbox 1284 2484 1320 2545; x_wconf 89' lang='lat' dir='ltr'>ut</span> <span class='ocrx_word' id='word_1_170' title='bbox 1343 2483 1376 2544; x_wconf 91' lang='lat' dir='ltr'>et</span> 
     </span>
    </p>
   </div>
   <div class='ocr_carea' id='block_1_4' title="bbox 225 2583 1429 4596">
    <p class='ocr_par' dir='ltr' id='par_1_4' title="bbox 225 2583 1429 4596">
     <span class='ocr_line' id='line_1_21' title="bbox 229 2583 1429 2670; baseline -0.003 -16"><span class='ocrx_word' id='word_1_171' title='bbox 229 2590 336 2654; x_wconf 87' lang='lat' dir='ltr'>verius</span> <span class='ocrx_word' id='word_1_172' title='bbox 369 2592 402 2652; x_wconf 87' lang='lat' dir='ltr'>et</span> <span class='ocrx_word' id='word_1_173' title='bbox 431 2587 572 2652; x_wconf 80' lang='lat' dir='ltr'>severius</span> <span class='ocrx_word' id='word_1_174' title='bbox 599 2585 757 2664; x_wconf 91' lang='lat' dir='ltr'>dicamus,</span> <span class='ocrx_word' id='word_1_175' title='bbox 792 2584 873 2649; x_wconf 92' lang='lat' dir='ltr'>nihil</span> <span class='ocrx_word' id='word_1_176' title='bbox 901 2583 1083 2670; x_wconf 84' lang='lat' dir='ltr'>perversius</span> <span class='ocrx_word' id='word_1_177' title='bbox 1111 2583 1248 2649; x_wconf 89' lang='lat' dir='ltr'>vidimus</span> <span class='ocrx_word' id='word_1_178' title='bbox 1277 2607 1429 2670; x_wconf 85' lang='lat' dir='ltr'>quamxn</span> 
     </span>
     <span class='ocr_line' id='line_1_22' title="bbox 229 2691 1376 2777; baseline -0.002 -17"><span class='ocrx_word' id='word_1_179' title='bbox 229 2695 357 2762; x_wconf 86' lang='lat' dir='ltr'>chnzii</span> <span class='ocrx_word' id='word_1_180' title='bbox 375 2695 409 2759; x_wconf 91' lang='lat' dir='ltr'>in</span> <span class='ocrx_word' id='word_1_181' title='bbox 428 2692 608 2777; x_wconf 90' lang='lat' dir='ltr'>supplendo</span> <span class='ocrx_word' id='word_1_182' title='bbox 626 2691 788 2776; x_wconf 88' lang='lat' dir='ltr'>principio</span> <span class='ocrx_word' id='word_1_183' title='bbox 804 2691 957 2758; x_wconf 84' lang='lat' dir='ltr'>Serviliae</span> <span class='ocrx_word' id='word_1_184' title='bbox 976 2715 1053 2756; x_wconf 87' lang='lat' dir='ltr'>suae</span> <span class='ocrx_word' id='word_1_185' title='bbox 1072 2691 1272 2758; x_wconf 85' lang='lat' dir='ltr'>elaborantis</span> <span class='ocrx_word' id='word_1_186' title='bbox 1291 2691 1376 2758; x_wconf 85' lang='lat' dir='ltr'>hanc</span> 
     </span>
     <span class='ocr_line' id='line_1_23' title="bbox 229 2798 1375 2887; baseline -0.003 -20"><span class='ocrx_word' id='word_1_187' title='bbox 229 2803 483 2887; x_wconf 87' lang='lat' dir='ltr'>disputationem</span> <span class='ocrx_word' id='word_1_188' title='bbox 507 2823 603 2887; x_wconf 86' lang='lat' dir='ltr'>quam</span> <span class='ocrx_word' id='word_1_189' title='bbox 624 2799 711 2864; x_wconf 85' lang='lat' dir='ltr'>infra</span> <span class='ocrx_word' id='word_1_190' title='bbox 729 2801 909 2884; x_wconf 88' lang='lat' dir='ltr'>posuimus:</span> <span class='ocrx_word' id='word_1_191' title='bbox 933 2799 1038 2884; x_wconf 77' lang='lat' dir='ltr'>‘plura</span> <span class='ocrx_word' id='word_1_192' title='bbox 1062 2799 1161 2864; x_wconf 88' lang='lat' dir='ltr'>etiam</span> <span class='ocrx_word' id='word_1_193' title='bbox 1184 2798 1223 2863; x_wconf 89' lang='lat' dir='ltr'>dc</span> <span class='ocrx_word' id='word_1_194' title='bbox 1246 2799 1318 2864; x_wconf 92' lang='lat' dir='ltr'>loco</span> <span class='ocrx_word' id='word_1_195' title='bbox 1342 2803 1375 2864; x_wconf 90' lang='lat' dir='ltr'>et</span> 
     </span>
     <span class='ocr_line' id='line_1_24' title="bbox 228 2905 1374 2995; baseline -0.003 -21"><span class='ocrx_word' id='word_1_196' title='bbox 228 2915 388 2995; x_wconf 86' lang='lat' dir='ltr'>tempore,</span> <span class='ocrx_word' id='word_1_197' title='bbox 416 2931 497 2994; x_wconf 89' lang='lat' dir='ltr'>quae</span> <span class='ocrx_word' id='word_1_198' title='bbox 521 2907 645 2974; x_wconf 89' lang='lat' dir='ltr'>addunt</span> <span class='ocrx_word' id='word_1_199' title='bbox 671 2907 722 2972; x_wconf 85' lang='lat' dir='ltr'>lex</span> <span class='ocrx_word' id='word_1_200' title='bbox 747 2907 899 2984; x_wconf 91' lang='lat' dir='ltr'>Quinctia</span> <span class='ocrx_word' id='word_1_201' title='bbox 926 2911 959 2971; x_wconf 89' lang='lat' dir='ltr'>et</span> <span class='ocrx_word' id='word_1_202' title='bbox 981 2905 1129 2972; x_wconf 86' lang='lat' dir='ltr'>Valerius</span> <span class='ocrx_word' id='word_1_203' title='bbox 1153 2905 1292 2990; x_wconf 86' lang='lat' dir='ltr'>Probus,</span> <span class='ocrx_word' id='word_1_204' title='bbox 1322 2905 1374 2971; x_wconf 90' lang='lat' dir='ltr'>bic</span> 
     </span>
     <span class='ocr_line' id='line_1_25' title="bbox 228 3013 1374 3106; baseline -0.007 -19"><span class='ocrx_word' id='word_1_205' title='bbox 228 3045 300 3088; x_wconf 90' lang='lat' dir='ltr'>cum</span> <span class='ocrx_word' id='word_1_206' title='bbox 320 3017 454 3106; x_wconf 81' lang='lat' dir='ltr'>Sigonio</span> <span class='ocrx_word' id='word_1_207' title='bbox 476 3014 764 3101; x_wconf 88' lang='lat' dir='ltr'>praetermittenda</span> <span class='ocrx_word' id='word_1_208' title='bbox 783 3014 905 3098; x_wconf 88' lang='lat' dir='ltr'>censui,</span> <span class='ocrx_word' id='word_1_209' title='bbox 929 3013 1047 3099; x_wconf 86' lang='lat' dir='ltr'>quippe</span> <span class='ocrx_word' id='word_1_210' title='bbox 1067 3013 1202 3099; x_wconf 88' lang='lat' dir='ltr'>quaein</span> <span class='ocrx_word' id='word_1_211' title='bbox 1221 3014 1374 3079; x_wconf 81' lang='lat' dir='ltr'>vetustio-</span> 
     </span>
     <span class='ocr_line' id='line_1_26' title="bbox 227 3121 1373 3212; baseline -0.007 -18"><span class='ocrx_word' id='word_1_212' title='bbox 227 3130 317 3194; x_wconf 88' lang='lat' dir='ltr'>ribus</span> <span class='ocrx_word' id='word_1_213' title='bbox 344 3127 453 3212; x_wconf 83' lang='lat' dir='ltr'>legum</span> <span class='ocrx_word' id='word_1_214' title='bbox 484 3122 654 3208; x_wconf 85' lang='lat' dir='ltr'>exemplis,</span> <span class='ocrx_word' id='word_1_215' title='bbox 685 3122 774 3187; x_wconf 84' lang='lat' dir='ltr'>velut</span> <span class='ocrx_word' id='word_1_216' title='bbox 801 3121 835 3187; x_wconf 89' lang='lat' dir='ltr'>in</span> <span class='ocrx_word' id='word_1_217' title='bbox 863 3122 1035 3206; x_wconf 89' lang='lat' dir='ltr'>plebiscito</span> <span class='ocrx_word' id='word_1_218' title='bbox 1064 3121 1102 3186; x_wconf 92' lang='lat' dir='ltr'>de</span> <span class='ocrx_word' id='word_1_219' title='bbox 1126 3121 1373 3186; x_wconf 83' lang='lat' dir='ltr'>Thermsnsium</span> 
     </span>
     <span class='ocr_line' id='line_1_27' title="bbox 227 3227 1372 3312; baseline -0.006 -12"><span class='ocrx_word' id='word_1_220' title='bbox 227 3235 433 3300; x_wconf 89' lang='lat' dir='ltr'>immunitate</span> <span class='ocrx_word' id='word_1_221' title='bbox 457 3235 490 3296; x_wconf 92' lang='lat' dir='ltr'>et</span> <span class='ocrx_word' id='word_1_222' title='bbox 512 3231 547 3296; x_wconf 91' lang='lat' dir='ltr'>in</span> <span class='ocrx_word' id='word_1_223' title='bbox 570 3252 682 3294; x_wconf 83' lang='lat' dir='ltr'>aversa</span> <span class='ocrx_word' id='word_1_224' title='bbox 705 3231 836 3294; x_wconf 88' lang='lat' dir='ltr'>nostrae</span> <span class='ocrx_word' id='word_1_225' title='bbox 858 3229 988 3294; x_wconf 89' lang='lat' dir='ltr'>tabulae</span> <span class='ocrx_word' id='word_1_226' title='bbox 1011 3231 1113 3312; x_wconf 84' lang='lat' dir='ltr'>parte,</span> <span class='ocrx_word' id='word_1_227' title='bbox 1136 3228 1170 3291; x_wconf 93' lang='lat' dir='ltr'>in</span> <span class='ocrx_word' id='word_1_228' title='bbox 1194 3228 1265 3312; x_wconf 84' lang='lat' dir='ltr'>lege</span> <span class='ocrx_word' id='word_1_229' title='bbox 1288 3227 1372 3293; x_wconf 84' lang='lat' dir='ltr'>Tho·</span> 
     </span>
     <span class='ocr_line' id='line_1_28' title="bbox 228 3333 1373 3424; baseline -0.006 -19"><span class='ocrx_word' id='word_1_230' title='bbox 228 3341 290 3424; x_wconf 86' lang='lat' dir='ltr'>ria,</span> <span class='ocrx_word' id='word_1_231' title='bbox 316 3362 381 3404; x_wconf 88' lang='lat' dir='ltr'>non</span> <span class='ocrx_word' id='word_1_232' title='bbox 405 3336 584 3402; x_wconf 68' lang='lat' dir='ltr'>addantur!</span> <span class='ocrx_word' id='word_1_233' title='bbox 631 3335 732 3412; x_wconf 86' lang='lat' dir='ltr'>Quasi</span> <span class='ocrx_word' id='word_1_234' title='bbox 761 3357 836 3399; x_wconf 82' lang='lat' dir='ltr'>vero</span> <span class='ocrx_word' id='word_1_235' title='bbox 860 3335 1032 3419; x_wconf 87' lang='lat' dir='ltr'>quicquam</span> <span class='ocrx_word' id='word_1_236' title='bbox 1063 3333 1113 3398; x_wconf 81' lang='lat' dir='ltr'>vel</span> <span class='ocrx_word' id='word_1_237' title='bbox 1137 3333 1210 3397; x_wconf 89' lang='lat' dir='ltr'>addi</span> <span class='ocrx_word' id='word_1_238' title='bbox 1234 3334 1284 3398; x_wconf 86' lang='lat' dir='ltr'>vel</span> <span class='ocrx_word' id='word_1_239' title='bbox 1307 3357 1373 3398; x_wconf 93' lang='lat' dir='ltr'>non</span> 
     </span>
     <span class='ocr_line' id='line_1_29' title="bbox 229 3440 1373 3528; baseline -0.004 -18"><span class='ocrx_word' id='word_1_240' title='bbox 229 3447 302 3510; x_wconf 84' lang='lat' dir='ltr'>addi</span> <span class='ocrx_word' id='word_1_241' title='bbox 327 3445 359 3509; x_wconf 92' lang='lat' dir='ltr'>in</span> <span class='ocrx_word' id='word_1_242' title='bbox 379 3445 426 3510; x_wconf 92' lang='lat' dir='ltr'>eis</span> <span class='ocrx_word' id='word_1_243' title='bbox 445 3443 608 3528; x_wconf 87' lang='lat' dir='ltr'>partibus,</span> <span class='ocrx_word' id='word_1_244' title='bbox 631 3463 714 3526; x_wconf 88' lang='lat' dir='ltr'>quae</span> <span class='ocrx_word' id='word_1_245' title='bbox 731 3441 841 3505; x_wconf 90' lang='lat' dir='ltr'>nullae</span> <span class='ocrx_word' id='word_1_246' title='bbox 861 3441 1051 3525; x_wconf 89' lang='lat' dir='ltr'>superstites</span> <span class='ocrx_word' id='word_1_247' title='bbox 1072 3444 1161 3524; x_wconf 89' lang='lat' dir='ltr'>sunt,</span> <span class='ocrx_word' id='word_1_248' title='bbox 1184 3440 1247 3504; x_wconf 90' lang='lat' dir='ltr'>dici</span> <span class='ocrx_word' id='word_1_249' title='bbox 1261 3442 1373 3524; x_wconf 88' lang='lat' dir='ltr'>possit.</span> 
     </span>
     <span class='ocr_line' id='line_1_30' title="bbox 228 3547 1373 3636; baseline -0.003 -20"><span class='ocrx_word' id='word_1_250' title='bbox 228 3551 430 3636; x_wconf 80' lang='lat' dir='ltr'>Quamquam</span> <span class='ocrx_word' id='word_1_251' title='bbox 459 3571 531 3614; x_wconf 93' lang='lat' dir='ltr'>cum</span> <span class='ocrx_word' id='word_1_252' title='bbox 558 3549 593 3612; x_wconf 92' lang='lat' dir='ltr'>in</span> <span class='ocrx_word' id='word_1_253' title='bbox 620 3547 682 3613; x_wconf 93' lang='lat' dir='ltr'>hoc</span> <span class='ocrx_word' id='word_1_254' title='bbox 710 3551 779 3612; x_wconf 83' lang='lat' dir='ltr'>tum</span> <span class='ocrx_word' id='word_1_255' title='bbox 806 3547 841 3610; x_wconf 90' lang='lat' dir='ltr'>in</span> <span class='ocrx_word' id='word_1_256' title='bbox 865 3547 959 3610; x_wconf 89' lang='lat' dir='ltr'>unius</span> <span class='ocrx_word' id='word_1_257' title='bbox 982 3549 1110 3611; x_wconf 89' lang='lat' dir='ltr'>tantum</span> <span class='ocrx_word' id='word_1_258' title='bbox 1134 3547 1296 3632; x_wconf 86' lang='lat' dir='ltr'>rogatoris</span> <span class='ocrx_word' id='word_1_259' title='bbox 1318 3569 1373 3613; x_wconf 89' lang='lat' dir='ltr'>no-</span> 
     </span>
     <span class='ocr_line' id='line_1_31' title="bbox 228 3652 1373 3742; baseline -0.003 -20"><span class='ocrx_word' id='word_1_260' title='bbox 228 3659 315 3722; x_wconf 89' lang='lat' dir='ltr'>mine</span> <span class='ocrx_word' id='word_1_261' title='bbox 347 3656 493 3742; x_wconf 88' lang='lat' dir='ltr'>ponendo</span> <span class='ocrx_word' id='word_1_262' title='bbox 517 3655 644 3720; x_wconf 86' lang='lat' dir='ltr'>Klenzii</span> <span class='ocrx_word' id='word_1_263' title='bbox 677 3652 857 3740; x_wconf 83' lang='lat' dir='ltr'>exemplum</span> <span class='ocrx_word' id='word_1_264' title='bbox 887 3655 984 3720; x_wconf 89' lang='lat' dir='ltr'>ctiam</span> <span class='ocrx_word' id='word_1_265' title='bbox 1013 3653 1199 3719; x_wconf 87' lang='lat' dir='ltr'>Rudorffius</span> <span class='ocrx_word' id='word_1_266' title='bbox 1227 3655 1373 3720; x_wconf 85' lang='lat' dir='ltr'>imitatus</span> 
     </span>
     <span class='ocr_line' id='line_1_32' title="bbox 228 3759 1372 3848; baseline -0.003 -17"><span class='ocrx_word' id='word_1_267' title='bbox 228 3765 334 3831; x_wconf 86' lang='lat' dir='ltr'>estin</span> <span class='ocrx_word' id='word_1_268' title='bbox 358 3761 520 3828; x_wconf 78' lang='lat' dir='ltr'>‘Thuriae&#39;</span> <span class='ocrx_word' id='word_1_269' title='bbox 544 3761 778 3848; x_wconf 89' lang='lat' dir='ltr'>supplementis</span> <span class='ocrx_word' id='word_1_270' title='bbox 802 3761 869 3826; x_wconf 86' lang='lat' dir='ltr'>suis</span> <span class='ocrx_word' id='word_1_271' title='bbox 892 3761 1017 3846; x_wconf 83' lang='lat' dir='ltr'>p.142.</span> <span class='ocrx_word' id='word_1_272' title='bbox 1053 3759 1115 3825; x_wconf 85' lang='lat' dir='ltr'>Est</span> <span class='ocrx_word' id='word_1_273' title='bbox 1139 3765 1248 3826; x_wconf 85' lang='lat' dir='ltr'>antem</span> <span class='ocrx_word' id='word_1_274' title='bbox 1271 3761 1372 3829; x_wconf 89' lang='lat' dir='ltr'>totius</span> 
     </span>
     <span class='ocr_line' id='line_1_33' title="bbox 227 3867 1416 3954; baseline -0.006 -15"><span class='ocrx_word' id='word_1_275' title='bbox 227 3892 360 3939; x_wconf 89' lang='lat' dir='ltr'>caussae</span> <span class='ocrx_word' id='word_1_276' title='bbox 383 3871 463 3935; x_wconf 88' lang='lat' dir='ltr'>baec</span> <span class='ocrx_word' id='word_1_277' title='bbox 487 3871 596 3954; x_wconf 86' lang='lat' dir='ltr'>potius</span> <span class='ocrx_word' id='word_1_278' title='bbox 618 3869 702 3935; x_wconf 89' lang='lat' dir='ltr'>ratio</span> <span class='ocrx_word' id='word_1_279' title='bbox 726 3873 759 3933; x_wconf 86' lang='lat' dir='ltr'>et</span> <span class='ocrx_word' id='word_1_280' title='bbox 781 3869 935 3948; x_wconf 91' lang='lat' dir='ltr'>condicio,</span> <span class='ocrx_word' id='word_1_281' title='bbox 959 3872 995 3932; x_wconf 91' lang='lat' dir='ltr'>nt</span> <span class='ocrx_word' id='word_1_282' title='bbox 1018 3889 1116 3932; x_wconf 90' lang='lat' dir='ltr'>unum</span> <span class='ocrx_word' id='word_1_283' title='bbox 1140 3867 1259 3953; x_wconf 89' lang='lat' dir='ltr'>solum,</span> <span class='ocrx_word' id='word_1_284' title='bbox 1287 3868 1373 3953; x_wconf 88' lang='lat' dir='ltr'>quod</span> <span class='ocrx_word' id='word_1_285' title='bbox 1413 3915 1416 3924; x_wconf 80' lang='lat'>.</span> 
     </span>
     <span class='ocr_line' id='line_1_34' title="bbox 227 3973 1372 4062; baseline -0.006 -17"><span class='ocrx_word' id='word_1_286' title='bbox 227 3979 267 4045; x_wconf 87' lang='lat' dir='ltr'>ad</span> <span class='ocrx_word' id='word_1_287' title='bbox 291 4001 350 4044; x_wconf 88' lang='lat' dir='ltr'>nos</span> <span class='ocrx_word' id='word_1_288' title='bbox 373 3975 537 4062; x_wconf 85' lang='lat' dir='ltr'>proditum</span> <span class='ocrx_word' id='word_1_289' title='bbox 561 3976 605 4040; x_wconf 87' lang='lat' dir='ltr'>sit</span> <span class='ocrx_word' id='word_1_290' title='bbox 628 3975 773 4060; x_wconf 85' lang='lat' dir='ltr'>omnino,</span> <span class='ocrx_word' id='word_1_291' title='bbox 802 3976 891 4061; x_wconf 88' lang='lat' dir='ltr'>pleni</span> <span class='ocrx_word' id='word_1_292' title='bbox 914 3973 1037 4040; x_wconf 85' lang='lat' dir='ltr'>exordii</span> <span class='ocrx_word' id='word_1_293' title='bbox 1061 3975 1242 4059; x_wconf 82' lang='lat' dir='ltr'>exemplum</span> <span class='ocrx_word' id='word_1_294' title='bbox 1266 3975 1372 4039; x_wconf 91' lang='lat' dir='ltr'>locum</span> 
     </span>
     <span class='ocr_line' id='line_1_35' title="bbox 226 4081 1371 4172; baseline -0.006 -19"><span class='ocrx_word' id='word_1_295' title='bbox 226 4093 416 4172; x_wconf 85' lang='lat' dir='ltr'>tempusque</span> <span class='ocrx_word' id='word_1_296' title='bbox 444 4083 555 4148; x_wconf 87' lang='lat' dir='ltr'>addita</span> <span class='ocrx_word' id='word_1_297' title='bbox 582 4081 715 4167; x_wconf 87' lang='lat' dir='ltr'>habeat,</span> <span class='ocrx_word' id='word_1_298' title='bbox 744 4103 809 4147; x_wconf 92' lang='lat' dir='ltr'>non</span> <span class='ocrx_word' id='word_1_299' title='bbox 836 4083 981 4148; x_wconf 87' lang='lat' dir='ltr'>omittat:</span> <span class='ocrx_word' id='word_1_300' title='bbox 1014 4082 1099 4168; x_wconf 94' lang='lat' dir='ltr'>quod</span> <span class='ocrx_word' id='word_1_301' title='bbox 1127 4084 1185 4146; x_wconf 85' lang='lat' dir='ltr'>est</span> <span class='ocrx_word' id='word_1_302' title='bbox 1205 4081 1371 4146; x_wconf 82' lang='lat' dir='ltr'>exordium</span> 
     </span>
     <span class='ocr_line' id='line_1_36' title="bbox 225 4185 1371 4280; baseline -0.005 -20"><span class='ocrx_word' id='word_1_303' title='bbox 225 4195 308 4280; x_wconf 83' lang='lat' dir='ltr'>legis</span> <span class='ocrx_word' id='word_1_304' title='bbox 333 4189 518 4274; x_wconf 87' lang='lat' dir='ltr'>Quinctiae,</span> <span class='ocrx_word' id='word_1_305' title='bbox 549 4187 601 4253; x_wconf 90' lang='lat' dir='ltr'>his</span> <span class='ocrx_word' id='word_1_306' title='bbox 634 4188 740 4254; x_wconf 85' lang='lat' dir='ltr'>verbis</span> <span class='ocrx_word' id='word_1_307' title='bbox 773 4193 962 4274; x_wconf 90' lang='lat' dir='ltr'>conceptum</span> <span class='ocrx_word' id='word_1_308' title='bbox 994 4187 1077 4273; x_wconf 90' lang='lat' dir='ltr'>apud</span> <span class='ocrx_word' id='word_1_309' title='bbox 1104 4185 1297 4253; x_wconf 86' lang='lat' dir='ltr'>Frontinum</span> <span class='ocrx_word' id='word_1_310' title='bbox 1331 4189 1371 4254; x_wconf 89' lang='lat' dir='ltr'>dc</span> 
     </span>
     <span class='ocr_line' id='line_1_37' title="bbox 227 4293 1370 4384; baseline -0.004 -19"><span class='ocrx_word' id='word_1_311' title='bbox 227 4301 318 4384; x_wconf 87' lang='lat' dir='ltr'>aquis</span> <span class='ocrx_word' id='word_1_312' title='bbox 342 4321 367 4364; x_wconf 84' lang='lat' dir='ltr'>c.</span> <span class='ocrx_word' id='word_1_313' title='bbox 387 4299 430 4363; x_wconf 80' lang='lat'>20</span> <span class='ocrx_word' id='word_1_314' title='bbox 452 4320 483 4382; x_wconf 91' lang='lat' dir='ltr'>p.</span> <span class='ocrx_word' id='word_1_315' title='bbox 501 4297 554 4380; x_wconf 83' lang='lat'>49,</span> <span class='ocrx_word' id='word_1_316' title='bbox 572 4295 607 4360; x_wconf 82' lang='lat'>9:</span> <span class='ocrx_word' id='word_1_317' title='bbox 640 4293 686 4360; x_wconf 71' lang='grc' dir='ltr'>Ὗ.</span> <span class='ocrx_word' id='word_1_318' title='bbox 706 4295 875 4373; x_wconf 90' lang='lat' dir='ltr'>Quinctius</span> <span class='ocrx_word' id='word_1_319' title='bbox 900 4294 1068 4379; x_wconf 82' lang='lat' dir='ltr'>Crispinus</span> <span class='ocrx_word' id='word_1_320' title='bbox 1097 4293 1208 4360; x_wconf 88' lang='lat' dir='ltr'>consul</span> <span class='ocrx_word' id='word_1_321' title='bbox 1238 4296 1370 4376; x_wconf 84' lang='lat' dir='ltr'>[desen.</span> 
     </span>
     <span class='ocr_line' id='line_1_38' title="bbox 226 4401 1369 4490; baseline -0.003 -20"><span class='ocrx_word' id='word_1_322' title='bbox 226 4407 314 4486; x_wconf 80' lang='lat' dir='ltr'>senc]</span> <span class='ocrx_word' id='word_1_323' title='bbox 343 4405 498 4490; x_wconf 86' lang='lat' dir='ltr'>populum</span> <span class='ocrx_word' id='word_1_324' title='bbox 525 4405 594 4469; x_wconf 93' lang='lat' dir='ltr'>iure</span> <span class='ocrx_word' id='word_1_325' title='bbox 623 4402 754 4487; x_wconf 81' lang='lat' dir='ltr'>rogauit</span> <span class='ocrx_word' id='word_1_326' title='bbox 780 4403 982 4488; x_wconf 87' lang='lat' dir='ltr'>populusque</span> <span class='ocrx_word' id='word_1_327' title='bbox 1013 4402 1082 4466; x_wconf 88' lang='lat' dir='ltr'>iure</span> <span class='ocrx_word' id='word_1_328' title='bbox 1111 4401 1207 4466; x_wconf 91' lang='lat' dir='ltr'>sciuit</span> <span class='ocrx_word' id='word_1_329' title='bbox 1233 4402 1266 4466; x_wconf 95' lang='lat' dir='ltr'>in</span> <span class='ocrx_word' id='word_1_330' title='bbox 1298 4401 1369 4468; x_wconf 89' lang='lat' dir='ltr'>foro</span> 
     </span>
     <span class='ocr_line' id='line_1_39' title="bbox 227 4505 1370 4596; baseline -0.002 -21"><span class='ocrx_word' id='word_1_331' title='bbox 227 4532 285 4596; x_wconf 88' lang='lat' dir='ltr'>pro</span> <span class='ocrx_word' id='word_1_332' title='bbox 308 4510 424 4576; x_wconf 88' lang='lat' dir='ltr'>rostris</span> <span class='ocrx_word' id='word_1_333' title='bbox 447 4511 535 4577; x_wconf 89' lang='lat' dir='ltr'>aedis</span> <span class='ocrx_word' id='word_1_334' title='bbox 559 4509 627 4575; x_wconf 90' lang='lat' dir='ltr'>diui</span> <span class='ocrx_word' id='word_1_335' title='bbox 650 4509 714 4574; x_wconf 93' lang='lat' dir='ltr'>luli</span> <span class='ocrx_word' id='word_1_336' title='bbox 736 4532 783 4593; x_wconf 89' lang='lat' dir='ltr'>pr.</span> <span class='ocrx_word' id='word_1_337' title='bbox 802 4507 856 4590; x_wconf 82' lang='lat' dir='ltr'>[la]</span> <span class='ocrx_word' id='word_1_338' title='bbox 881 4505 991 4573; x_wconf 89' lang='lat' dir='ltr'>Iulias.</span> <span class='ocrx_word' id='word_1_339' title='bbox 1025 4508 1129 4574; x_wconf 88' lang='lat' dir='ltr'>tribus</span> <span class='ocrx_word' id='word_1_340' title='bbox 1149 4507 1262 4594; x_wconf 85' lang='lat' dir='ltr'>Sergia</span> <span class='ocrx_word' id='word_1_341' title='bbox 1284 4510 1370 4593; x_wconf 91' lang='lat' dir='ltr'>prin·</span> 
     </span>
    </p>
   </div>
   <div class='ocr_carea' id='block_1_5' title="bbox 0 0 1632 5090">
    <p class='ocr_par' dir='ltr' id='par_1_5' title="bbox 0 0 1632 5090">
     <span class='ocr_line' id='line_1_40' title="bbox 0 0 1632 5090; baseline 0 2"><span class='ocrx_word' id='word_1_342' title='bbox 0 0 1632 5090; x_wconf 95' lang='lat' dir='ltr'> </span> 
     </span>
    </p>
   </div>
  </div>
 </body>
</html>
