3282 5076
774 1106 892 1188 VIII.

284 1259 543 1362 anthologiac
570 1259 721 1343 latinae
750 1259 1005 1343 corollarium
1032 1259 1381 1364 epigraphicum.*)

210 1692 248 1732 111
351 1671 389 1735 In
415 1673 611 1756 scriptorum
638 1673 730 1737 libris
758 1671 983 1738 delitescentes
1013 1671 1188 1737 versiculos
1217 1671 1407 1753 aucupando

265 1781 393 1842 constat
411 1779 619 1843 curiosiorem
639 1801 735 1863 qnam
754 1779 1000 1844 fructuosiorem
1020 1801 1151 1863 operam
1171 1800 1190 1842 a
1208 1777 1320 1842 multis
1332 1799 1406 1841 con-

264 1888 424 1969 sumptam
457 1907 536 1950 esse.
591 1885 651 1960 Qui
679 1885 706 1949 si
735 1908 799 1950 nou
827 1864 977 1950 versuum
1006 1885 1180 1950 simulacra
1207 1884 1315 1969 polius
1343 1885 1407 1948 ista

264 2013 360 2075 quam
386 1991 490 2056 solida
512 2013 649 2076 corpora
672 1993 787 2056 sectati
811 1998 929 2077 essent,
951 1993 1060 2058 nescio
1085 2015 1125 2056 an
1146 1991 1311 2076 aliquanto
1334 1991 1406 2074 plus

263 2097 368 2162 laudis
401 2099 602 2164 meruissent.
649 2098 800 2174 Qualium
830 2121 902 2163 cum
930 2100 1009 2164 alibi
1041 2099 1157 2164 messis
1185 2098 1327 2163 maxima
1357 2101 1407 2160 est

264 2207 332 2267 tum
347 2226 412 2268 non
431 2205 645 2288 spernendum
665 2205 752 2288 apud
770 2206 859 2289 ipsos
878 2205 1053 2290 scriptores
1073 2205 1285 2289 spicilegium.
1307 2201 1408 2268 Velut

264 2311 351 2394 apud
374 2309 561 2378 Ciceronem
585 2334 657 2377 cum
681 2333 886 2377 numerorum
910 2313 1048 2395 vestIgia
1065 2311 1281 2396 Bemaysium
1303 2331 1438 2394 nuper·

264 2417 479 2484 advertissent
511 2420 544 2484 in
577 2419 680 2484 facete
717 2419 812 2484 dictis
846 2419 912 2484 illia
947 2442 1029 2504 quae
1065 2419 1166 2484 habes
1204 2417 1242 2481 de
1278 2422 1406 2483 oratore

262 2522 347 2589 libro
365 2522 397 2588 Π
421 2547 489 2610 cap.
503 2526 545 2591 59
566 2531 599 2592 et
618 2527 669 2612 69,
692 2549 756 2592 non
775 2527 995 2592 dubitavimus
1014 2525 1242 2612 integerrimos
1261 2524 1405 2589 senarios

263 2629 322 2694 hos
347 2651 535 2716 agnoscere:

374 2753 536 2820 Lacerat
558 2757 744 2821 lacertum
769 2755 887 2842 Largi
911 2757 1067 2822 mordax
1091 2755 1302 2836 Memmius

374 2862 565 2926 Aemilius
588 2861 696 2944 feeit,
719 2863 906 2945 plectitur
930 2861 1112 2927 Rutilius.

263 2983 302 3048 In
326 2985 390 3050 alio
415 3006 531 3070 genere
554 2985 644 3050 ferax
663 3007 870 3050 numerorum
890 2985 1096 3070 quantumvis
1114 2984 1243 3049 rudium
1260 2985 1292 3050 h.
1306 3006 1331 3048 e.
1350 2982 1406 3048 Sa·

263 3092 443 3156 turniorum
466 3091 500 3156 T.
519 3091 630 3156 Livius
654 3095 774 3156 exstat:
802 3093 885 3156 unde
908 3096 1017 3158 tamen
1045 3115 1129 3158 nuuc
1152 3092 1316 3156 abstinere
1339 3112 1404 3154 ma-

263 3219 339 3262 num
364 3197 572 3284 praestat.**)
614 3197 736 3264 Verum
764 3199 867 3263 multo
891 3199 1066 3284 largiorem
1093 3199 1250 3264 similium
1277 3199 1404 3282 copiam

264 3304 420 3368 attentius
448 3304 642 3370 rimantibus
666 3309 876 3370 monumenta
904 3304 1112 3390 epigraphioa
1136 3305 1405 3388 suppeditabunt:

263 3411 346 3475 unde
374 3433 439 3476 nou
467 3409 609 3494 paullum
638 3411 828 3476 incrementi
857 3411 1006 3476 accedere
1035 3409 1254 3494 Authologiae
1285 3411 1405 3476 latinae

262 3519 392 3602 poterit.
428 3517 503 3582 Non
526 3521 576 3583 est
600 3519 725 3584 animus
749 3518 846 3583 latius
870 3521 1034 3602 patentem
1058 3517 1228 3582 materiam
1251 3517 1404 3582 hocloco

263 3647 336 3689 cum
359 3623 540 3710 pulvisculo
560 3625 737 3710 exhaurire,
755 3627 809 3691 aed
833 3629 961 3690 tantum
980 3623 1138 3708 quaedam
1158 3625 1305 3708 exempla
1322 3625 1403 3686 lam-

263 3753 361 3816 quam
384 3753 442 3816 per
465 3737 609 3797 saturam
629 3751 743 3818 sparsa
760 3731 825 3796 illis
846 3731 971 3814 addere,
995 3752 1076 3814 quae
1096 3729 1137 3794 ad
1155 3729 1289 3794 titulum
1303 3727 1404 3792 Mum·

263 3837 406 3903 mianum
429 3859 531 3922 nuper
554 3839 794 3924 designavimus
817 3860 847 3921 p.
867 3835 915 3900 III
938 3839 1049 3922 [supra
1067 3853 1097 3920 p:
1112 3835 1155 3901 85
1170 3839 1244 3920 sq.]:
1269 3857 1331 3918 quo
1351 3833 1405 3898 via

351 4031 377 4101 *)
397 4029 587 4101 [Prooemium
615 4029 716 4084 Indicis
744 4029 901 4086 scholamm
930 4028 1097 4084 aestivarum
1126 4027 1311 4082 Bonnensium
1339 4025 1404 4079 anni

263 4119 494 4176 CIOIOCCCLIII.
505 4111 510 4124 ’
521 4119 695 4190 Bibliopolae
713 4117 848 4172 traditum
863 4117 959 4187 paucis
978 4117 1117 4172 mensibus
1136 4119 1201 4186 post
1215 4115 1312 4170 eodem
1331 4130 1404 4168 anuo

262 4209 368 4278 prodiit
389 4208 542 4279 praemissa
563 4209 617 4262 hac
640 4205 834 4276 inscriptione:
865 4205 1064 4276 ‘anthologiae
1092 4205 1197 4260 latinae
1226 4202 1403 4258 corollarium

262 4296 484 4366 epigraphicum.
508 4296 620 4366 scripsit
637 4295 666 4350 F.
682 4294 725 4348 R!
751 4296 780 4348 et
797 4294 826 4348 in
844 4294 898 4356 fine
913 4297 950 4364 (p.
965 4293 1030 4348 XIII
1045 4297 1097 4366 sq.)
1122 4292 1239 4347 adiectis
1260 4290 1344 4346 ‘curis
1363 4307 1403 4344 aa·

263 4385 381 4440 cundis'.
418 4385 518 4454 C.W.]

334 4472 374 4542 ”l
395 4473 448 4544 [Ol.
468 4487 543 4541 poca.
564 4471 672 4528 Satur-n.
693 4471 779 4541 spicil.
800 4472 884 4540 (iulra
902 4489 928 4524 n.
949 4471 996 4538 xl)
1016 4489 1042 4540 p.
1062 4477 1085 4524 4.
1123 4469 1152 4522 C.
1174 4469 1229 4538 Ἣ
