3216 5082
268 357 335 422 460
379 375 427 426 na
450 373 716 422 naenmsmoan
741 374 888 434 ovinam
912 373 1043 423 naman
1067 373 1343 424 ancoummonn.

267 515 490 601 Minatis?*)
513 516 701 582 dominante
717 517 885 583 etiamtum
899 537 916 582 e
932 517 1044 582 littera
1062 518 1149 601 proi
1169 520 1204 582 ut
1221 516 1256 581 in
1270 514 1416 582 SEMOL

153 620 156 626 ’
267 621 448 688 MERETO
482 620 668 688 AIDILES.
720 621 808 688 Nam
835 617 1043 708 quantumvis
1071 624 1163 690 varia
1188 623 1288 689 fuerit
1315 623 1415 689 variis

268 729 302 794 in
325 729 423 795 terris
446 730 637 814 gentibusve
656 730 779 796 Italicis
800 729 954 796 formatio
977 731 1227 816 gentilitiorum,
1249 729 1334 816 quod
1357 751 1415 815 ge-

267 857 328 902 nus
354 840 431 920 post
454 836 663 902 Hnebnerum
687 837 805 923 >paucis
837 859 941 922 nuper
967 836 1137 902 Henaenus
1170 837 1416 922 comprehendit

268 941 425 1008 Orelliani
450 944 623 1010 voluminis
646 943 749 1028 111.p.
769 944 833 1010 242
852 966 913 1028 sq„
935 948 1046 1010 tamen
1065 943 1100 1008 in
1118 949 1182 1008 ates
1204 945 1414 1010 terminatum

267 1033 1414 1136 mmmffifflffiffiffiffiffiffi

268 1157 417 1222 exeuntia
435 1155 590 1244 plurima)
609 1181 769 1243 nusquam
788 1179 941 1243 nmquam
959 1162 1123 1242 repertum
1141 1160 1200 1224 est.
1228 1155 1323 1223 Vnde
1342 1179 1414 1224 esse

267 1286 464 1348 consequens
493 1265 713 1352 intellegimus
741 1265 920 1350 antiquitus
948 1263 988 1330 ad
1016 1263 1078 1330 hoe
1105 1264 1289 1348 exemplum
1317 1264 1414 1330 decli·

267 1374 383 1437 natum
405 1393 489 1438 ease:

400 1517 487 1561 nom.
512 1493 696 1562 (tornales
1096 1493 1274 1560 Cornelis

401 1624 474 1689 gen.
512 1601 699 1670 Gorneles
722 1601 774 1690 (nt
798 1599 1005 1689 SALVTES)
1095 1600 1275 1667 Cornelis

402 1709 467 1777 dat
514 1709 679 1777 Corneto
702 1708 754 1797 (ut
776 1708 961 1796 IVNONE)
1095 1707 1252 1774 Corneli

402 1839 466 1882 aec.
512 1816 713 1883 Gornelem
1097 1812 1293 1880 Cornelim

268 1963 402 2024 prorsus
425 1945 462 2005 ut
486 1943 559 2008 alis
585 1944 658 2007 alis
682 1943 736 2007 ali
759 1945 792 2006 et
813 1945 850 2005 ut
872 1943 953 2024 puto
977 1940 1076 2005 alim.
1107 1939 1232 2017 Quibus
1251 1939 1304 2026 qni
1324 1940 1416 2006 volet

269 2045 431 2112 ablativos
464 2048 562 2113 addat
599 2047 788 2114 Corneled
826 2045 1015 2112 Oo'rnelid.
1070 2045 1272 2111 Veterrimae
1305 2049 1415 2111 antem

268 2153 543 2236 pronuntiationis
567 2155 689 2240 aliquid
712 2153 820 2219 haesit
843 2154 878 2218 in
900 2153 1021 2238 plebeii
1045 2137 1203 2218 sermonis
1226 2153 1341 2218 formis
1365 2175 1414 2218 re-

269 2260 466 2326 centioribus
486 2261 553 2326 illis
578 2283 656 2346 quas
681 2260 896 2344 supraposui
919 2283 949 2343 p.
969 2259 989 2324 6
1014 2260 1107 2341 [449]
1128 2281 1174 2344 sq.
1202 2257 1415 2330 LVOILLES

270 2369 316 2451 et,
344 2367 492 2433 simodo
517 2367 597 2434 satis
621 2367 651 2432 ei
674 2366 762 2452 fidei,
793 2363 963 2430 APILES:
992 2365 1150 2450 aquibus
1180 2365 1290 2450 aliquo
1315 2367 1414 2432 inter·

268 2472 357 2539 vallo
381 2473 587 2540 BARNAns
611 2475 719 2540 distat.

358 2580 480 2659 Quodsi
494 2601 553 2664 per
567 2579 647 2645 satis
662 2579 837 2644 multorum
857 2601 1016 2644 annorum
1034 2579 1281 2646 diuturnitatem
1300 2585 1332 2646 et
1345 2603 1362 2648 s
1380 2585 1416 2648 et

230 2711 254 2751 ιτ
268 2707 300 2752 m
318 2687 429 2753 littera
443 2688 550 2754 finalis
565 2687 673 2753 omitti
688 2685 785 2752 solita
800 2688 851 2751 est
864 2686 1028 2752 communi
1045 2686 1283 2772 consuetudine,
1302 2709 1414 2755 rursus

268 2793 348 2859 haec
371 2795 511 2860 subnata
534 2793 708 2858 declinatio
732 2796 782 2858 est
805 2815 937 2858 casuum
957 2793 1143 2858 discrimine
1163 2794 1250 2858 omni
1269 2775 1415 2862 sublato:

428 2941 513 2984 nom.
535 2917 713 2985 Cornelis
875 2917 1035 2985 Corneli

428 3048 500 3112 gen.
537 3023 715 3090 Cornelis
877 3022 1035 3091 Corneli

430 3133 494 3198 dat
536 3129 694 3198 Corneli
880 3129 1035 3198 Corneli

429 3261 494 3306 acc.
536 3235 732 3304 Cornelim
879 3236 1036 3305 Corneli

269 3365 414 3452 proxime
447 3363 487 3430 ad
520 3385 630 3429 eorum
663 3361 906 3428 similitudinem
942 3386 1023 3448 quae
1055 3387 1158 3450 nuper
1189 3367 1415 3452 proponebam

269 3471 375 3537 Musei
397 3471 501 3538 Rhen.
523 3476 546 3536 t.
564 3469 643 3536 XIV
666 3493 697 3554 p.
715 3469 779 3534 401
800 3493 847 3555 sq.
873 3471 986 3554 [supra
1008 3492 1039 3554 p.
1057 3471 1154 3553 408]:

428 3619 515 3663 nom.
536 3600 712 3661 matrona
873 3597 1008 3660 senatu
1170 3595 1230 3662 die

428 3724 501 3788 gen.
537 3707 715 3768 matrona
875 3704 1011 3766 senatu
1171 3701 1230 3766 die

430 3808 494 3874 dat.
538 3812 714 3873 matrona
874 3811 1009 3873 senatu
1170 3807 1230 3872 die

430 3939 494 3982 acc.
535 3919 713 3980 matrona
873 3919 1009 3980 senatu
1170 3913 1229 3978 die

268 4043 319 4110 Ex
348 4043 415 4107 illis
446 4040 547 4126 igitur
576 4060 707 4110 casuum
735 4039 847 4103 formis
880 4039 976 4122 plane
1007 4039 1168 4124 parilibus
1199 4061 1273 4104 eum
1294 4017 1415 4124 unum,

271 4149 518 4234 nominativum,
542 4147 611 4248 sola
630 4148 792 4232 scriptura
810 4146 1000 4233 posterioris
1019 4147 1137 4212 aetatis
1161 4146 1306 4231 servarit,
1329 4145 1414 4211 alter

271 4314 365 4320 ....—-—
377 4312 482 4320 ..—

245 4419 251 4426 ·
358 4398 384 4466 *)
404 4395 456 4467 [ef.
472 4412 570 4451 comm.
585 4394 612 4450 Il
625 4413 652 4465 p.
663 4395 715 4450 Vll
729 4395 803 4466 (4⁷4)
818 4397 848 4450 et
856 4411 928 4464 qnae
941 4392 1053 4464 scripsit
1063 4391 1232 4449 ltitsehelius
1241 4391 1311 4448 Mus.
1322 4391 1414 4449 Rhen.

271 4483 335 4544 XVI
353 4503 380 4558 p.
391 4491 442 4540 aab
457 4485 497 4554 (in
511 4485 564 4540 fine
579 4483 694 4542 alterius
708 4483 950 4541 commentationis
963 4481 1038 4539 infra
1051 4501 1077 4554 p.
1089 4487 1139 4538 477
1154 4480 1293 4554 repetita).
1318 4479 1413 4556 C.W.]
