<?xml version="1.0" encoding="UTF-8"?>
<!DOCTYPE html PUBLIC "-//W3C//DTD XHTML 1.0 Transitional//EN"
    "http://www.w3.org/TR/xhtml1/DTD/xhtml1-transitional.dtd">
<html xmlns="http://www.w3.org/1999/xhtml" xml:lang="en" lang="en">
 <head>
  <title>
</title>
<meta http-equiv="Content-Type" content="text/html;charset=utf-8" />
  <meta name='ocr-system' content='tesseract 3.04.00' />
  <meta name='ocr-capabilities' content='ocr_page ocr_carea ocr_par ocr_line ocrx_word'/>
</head>
<body>
  <div class='ocr_page' id='page_1' title='image "./fridericiritsch08wachgoog/fridericiritsch08wachgoog_0570.png"; bbox 0 0 3216 5082; ppageno 0'>
   <div class='ocr_carea' id='block_1_1' title="bbox 540 358 1291 422">
    <p class='ocr_par' dir='ltr' id='par_1_1' title="bbox 540 358 1291 422">
     <span class='ocr_line' id='line_1_1' title="bbox 540 358 1291 422; baseline 0.003 -2"><span class='ocrx_word' id='word_1_1' title='bbox 540 372 822 422; x_wconf 78' lang='lat' dir='ltr'>svreusnnxevn</span> <span class='ocrx_word' id='word_1_2' title='bbox 846 375 890 421; x_wconf 83' lang='lat' dir='ltr'>iv.</span> <span class='ocrx_word' id='word_1_3' title='bbox 1226 358 1291 422; x_wconf 82' lang='lat'>545</span> 
     </span>
    </p>
   </div>
   <div class='ocr_carea' id='block_1_2' title="bbox 136 513 1291 1008">
    <p class='ocr_par' dir='ltr' id='par_1_2' title="bbox 136 513 1291 709">
     <span class='ocr_line' id='line_1_2' title="bbox 139 513 1291 602; baseline 0.003 -24"><span class='ocrx_word' id='word_1_4' title='bbox 139 513 273 579; x_wconf 86' lang='lat' dir='ltr'>nestino</span> <span class='ocrx_word' id='word_1_5' title='bbox 293 536 324 577; x_wconf 92' lang='lat' dir='ltr'>n.</span> <span class='ocrx_word' id='word_1_6' title='bbox 342 515 439 580; x_wconf 83' lang='lat'>1134:</span> <span class='ocrx_word' id='word_1_7' title='bbox 459 553 502 562; x_wconf 94' lang='lat'>—</span> <span class='ocrx_word' id='word_1_8' title='bbox 522 538 585 600; x_wconf 93' lang='lat' dir='ltr'>quo</span> <span class='ocrx_word' id='word_1_9' title='bbox 607 539 709 602; x_wconf 86' lang='lat' dir='ltr'>prope</span> <span class='ocrx_word' id='word_1_10' title='bbox 729 517 852 582; x_wconf 88' lang='lat' dir='ltr'>accedit</span> <span class='ocrx_word' id='word_1_11' title='bbox 866 515 1180 582; x_wconf 78' lang='lat' dir='ltr'><strong>DISCIPLEINAM</strong></span> <span class='ocrx_word' id='word_1_12' title='bbox 1194 518 1291 601; x_wconf 88' lang='lat' dir='ltr'>serip-</span> 
     </span>
     <span class='ocr_line' id='line_1_3' title="bbox 136 619 1290 709; baseline 0.003 -25"><span class='ocrx_word' id='word_1_13' title='bbox 136 619 219 684; x_wconf 86' lang='lat' dir='ltr'>‘tura</span> <span class='ocrx_word' id='word_1_14' title='bbox 238 621 273 684; x_wconf 91' lang='lat' dir='ltr'>in</span> <span class='ocrx_word' id='word_1_15' title='bbox 288 621 393 706; x_wconf 78' lang='lat' dir='ltr'>elogio</span> <span class='ocrx_word' id='word_1_16' title='bbox 409 620 540 687; x_wconf 84' lang='lat' dir='ltr'>‘litteris</span> <span class='ocrx_word' id='word_1_17' title='bbox 556 625 676 688; x_wconf 89' lang='lat' dir='ltr'>saeculi</span> <span class='ocrx_word' id='word_1_18' title='bbox 692 623 845 709; x_wconf 84' lang='lat' dir='ltr'>Augusti’</span> <span class='ocrx_word' id='word_1_19' title='bbox 861 624 981 708; x_wconf 90' lang='lat' dir='ltr'>scripto</span> <span class='ocrx_word' id='word_1_20' title='bbox 995 623 1071 688; x_wconf 88' lang='lat' dir='ltr'>ibid.</span> <span class='ocrx_word' id='word_1_21' title='bbox 1082 623 1165 688; x_wconf 88' lang='lat' dir='ltr'>Add.</span> <span class='ocrx_word' id='word_1_22' title='bbox 1180 625 1290 709; x_wconf 73' lang='lat' dir='ltr'>peel.</span> 
     </span>
    </p>

    <p class='ocr_par' dir='ltr' id='par_1_3' title="bbox 139 726 1290 1008">
     <span class='ocr_line' id='line_1_4' title="bbox 233 726 1290 816; baseline 0.002 -24"><span class='ocrx_word' id='word_1_23' title='bbox 233 726 323 793; x_wconf 89' lang='lat' dir='ltr'>Haec</span> <span class='ocrx_word' id='word_1_24' title='bbox 346 729 447 814; x_wconf 83' lang='lat' dir='ltr'>igitur</span> <span class='ocrx_word' id='word_1_25' title='bbox 471 733 558 813; x_wconf 86' lang='lat' dir='ltr'>sunt,</span> <span class='ocrx_word' id='word_1_26' title='bbox 587 753 644 794; x_wconf 91' lang='lat' dir='ltr'>cur</span> <span class='ocrx_word' id='word_1_27' title='bbox 666 731 805 816; x_wconf 87' lang='lat' dir='ltr'>priscae,</span> <span class='ocrx_word' id='word_1_28' title='bbox 833 753 900 796; x_wconf 92' lang='lat' dir='ltr'>non</span> <span class='ocrx_word' id='word_1_29' title='bbox 926 731 1155 814; x_wconf 71' lang='lat' dir='ltr'>imperatoriae</span> <span class='ocrx_word' id='word_1_30' title='bbox 1183 731 1290 796; x_wconf 89' lang='lat' dir='ltr'>latini-</span> 
     </span>
     <span class='ocr_line' id='line_1_5' title="bbox 139 833 1290 922; baseline 0.002 -24"><span class='ocrx_word' id='word_1_31' title='bbox 139 834 206 898; x_wconf 89' lang='lat' dir='ltr'>teti</span> <span class='ocrx_word' id='word_1_32' title='bbox 230 833 329 920; x_wconf 91' lang='lat' dir='ltr'>hune,</span> <span class='ocrx_word' id='word_1_33' title='bbox 353 857 448 919; x_wconf 91' lang='lat' dir='ltr'>quem</span> <span class='ocrx_word' id='word_1_34' title='bbox 472 837 531 901; x_wconf 88' lang='lat' dir='ltr'>sub</span> <span class='ocrx_word' id='word_1_35' title='bbox 550 837 582 900; x_wconf 82' lang='lat' dir='ltr'><strong><em>A</em></strong></span> <span class='ocrx_word' id='word_1_36' title='bbox 604 838 933 922; x_wconf 70' lang='lat' dir='ltr'>repraesentavimus,</span> <span class='ocrx_word' id='word_1_37' title='bbox 956 836 1090 902; x_wconf 89' lang='lat' dir='ltr'>titulum</span> <span class='ocrx_word' id='word_1_38' title='bbox 1107 836 1290 902; x_wconf 84' lang='lat' dir='ltr'>Romanum</span> 
     </span>
     <span class='ocr_line' id='line_1_6' title="bbox 140 941 631 1008; baseline 0.01 -5"><span class='ocrx_word' id='word_1_39' title='bbox 140 943 197 1004; x_wconf 87' lang='lat' dir='ltr'>sat</span> <span class='ocrx_word' id='word_1_40' title='bbox 220 941 419 1006; x_wconf 89' lang='lat' dir='ltr'>confidenter</span> <span class='ocrx_word' id='word_1_41' title='bbox 441 943 631 1008; x_wconf 88' lang='lat' dir='ltr'>tribuamus.</span> 
     </span>
    </p>
   </div>
   <div class='ocr_carea' id='block_1_3' title="bbox 138 1261 1408 3689">
    <p class='ocr_par' dir='ltr' id='par_1_4' title="bbox 138 1261 1408 3689">
     <span class='ocr_line' id='line_1_7' title="bbox 234 1261 1290 1348; baseline 0.001 -23"><span class='ocrx_word' id='word_1_42' title='bbox 234 1261 348 1327; x_wconf 83' lang='lat' dir='ltr'>Altero</span> <span class='ocrx_word' id='word_1_43' title='bbox 367 1264 438 1328; x_wconf 91' lang='lat' dir='ltr'>loco</span> <span class='ocrx_word' id='word_1_44' title='bbox 453 1285 548 1348; x_wconf 91' lang='lat' dir='ltr'>quem</span> <span class='ocrx_word' id='word_1_45' title='bbox 569 1265 629 1329; x_wconf 87' lang='lat' dir='ltr'>sub</span> <span class='ocrx_word' id='word_1_46' title='bbox 644 1264 678 1329; x_wconf 90' lang='lat' dir='ltr'><em>B</em></span> <span class='ocrx_word' id='word_1_47' title='bbox 691 1265 1015 1348; x_wconf 78' lang='lat' dir='ltr'>repraesentavimus,</span> <span class='ocrx_word' id='word_1_48' title='bbox 1033 1285 1100 1327; x_wconf 90' lang='lat' dir='ltr'>non</span> <span class='ocrx_word' id='word_1_49' title='bbox 1119 1267 1169 1328; x_wconf 88' lang='lat' dir='ltr'>est</span> <span class='ocrx_word' id='word_1_50' title='bbox 1187 1285 1290 1327; x_wconf 87' lang='lat' dir='ltr'>novus</span> 
     </span>
     <span class='ocr_line' id='line_1_8' title="bbox 140 1365 1289 1456; baseline 0.002 -26"><span class='ocrx_word' id='word_1_51' title='bbox 140 1367 275 1451; x_wconf 86' lang='lat' dir='ltr'>titulus,</span> <span class='ocrx_word' id='word_1_52' title='bbox 299 1368 352 1432; x_wconf 90' lang='lat' dir='ltr'>sed</span> <span class='ocrx_word' id='word_1_53' title='bbox 369 1365 536 1438; x_wconf 82' lang='lat' dir='ltr'>Calenus</span> <span class='ocrx_word' id='word_1_54' title='bbox 561 1369 615 1435; x_wconf 90' lang='lat' dir='ltr'>ille</span> <span class='ocrx_word' id='word_1_55' title='bbox 635 1393 730 1456; x_wconf 90' lang='lat' dir='ltr'>quem</span> <span class='ocrx_word' id='word_1_56' title='bbox 749 1372 813 1436; x_wconf 86' lang='lat' dir='ltr'>iam</span> <span class='ocrx_word' id='word_1_57' title='bbox 833 1371 866 1435; x_wconf 92' lang='lat' dir='ltr'>in</span> <span class='ocrx_word' id='word_1_58' title='bbox 885 1370 1039 1435; x_wconf 85' lang='lat' dir='ltr'>fasciculo</span> <span class='ocrx_word' id='word_1_59' title='bbox 1054 1370 1087 1435; x_wconf 90' lang='lat' dir='ltr'>II</span> <span class='ocrx_word' id='word_1_60' title='bbox 1103 1369 1182 1450; x_wconf 88' lang='lat' dir='ltr'>[tab.</span> <span class='ocrx_word' id='word_1_61' title='bbox 1196 1367 1289 1449; x_wconf 89' lang='lat' dir='ltr'><strong>XVI]</strong></span> 
     </span>
     <span class='ocr_line' id='line_1_9' title="bbox 140 1473 1291 1564; baseline 0.002 -27"><span class='ocrx_word' id='word_1_62' title='bbox 140 1475 203 1538; x_wconf 90' lang='lat' dir='ltr'>sub</span> <span class='ocrx_word' id='word_1_63' title='bbox 221 1475 252 1538; x_wconf 80' lang='lat' dir='ltr'><strong><em>A</em></strong></span> <span class='ocrx_word' id='word_1_64' title='bbox 275 1497 292 1539; x_wconf 87' lang='lat' dir='ltr'>e</span> <span class='ocrx_word' id='word_1_65' title='bbox 315 1473 429 1540; x_wconf 88' lang='lat' dir='ltr'>tabula</span> <span class='ocrx_word' id='word_1_66' title='bbox 451 1477 690 1564; x_wconf 80' lang='lat' dir='ltr'>chalcographa</span> <span class='ocrx_word' id='word_1_67' title='bbox 712 1479 944 1562; x_wconf 88' lang='lat' dir='ltr'>repetieramus</span> <span class='ocrx_word' id='word_1_68' title='bbox 968 1499 1049 1561; x_wconf 90' lang='lat' dir='ltr'>quae</span> <span class='ocrx_word' id='word_1_69' title='bbox 1073 1477 1181 1542; x_wconf 91' lang='lat' dir='ltr'>estin</span> <span class='ocrx_word' id='word_1_70' title='bbox 1204 1475 1291 1541; x_wconf 74' lang='lat' dir='ltr'>‘Bul-</span> 
     </span>
     <span class='ocr_line' id='line_1_10' title="bbox 139 1580 1291 1670; baseline 0.001 -25"><span class='ocrx_word' id='word_1_71' title='bbox 139 1580 270 1646; x_wconf 89' lang='lat' dir='ltr'>lettino’</span> <span class='ocrx_word' id='word_1_72' title='bbox 290 1583 535 1670; x_wconf 80' lang='lat' dir='ltr'>archeeologico</span> <span class='ocrx_word' id='word_1_73' title='bbox 559 1586 674 1652; x_wconf 90' lang='lat' dir='ltr'>Italico</span> <span class='ocrx_word' id='word_1_74' title='bbox 698 1585 796 1652; x_wconf 86' lang='lat' dir='ltr'>vol.I</span> <span class='ocrx_word' id='word_1_75' title='bbox 820 1587 897 1651; x_wconf 90' lang='lat' dir='ltr'>anni</span> <span class='ocrx_word' id='word_1_76' title='bbox 919 1586 1013 1650; x_wconf 88' lang='lat'>1861.</span> <span class='ocrx_word' id='word_1_77' title='bbox 1049 1585 1134 1650; x_wconf 81' lang='lat' dir='ltr'>Eum</span> <span class='ocrx_word' id='word_1_78' title='bbox 1158 1605 1215 1648; x_wconf 91' lang='lat' dir='ltr'>cur</span> <span class='ocrx_word' id='word_1_79' title='bbox 1236 1582 1291 1647; x_wconf 90' lang='lat' dir='ltr'>hie</span> 
     </span>
     <span class='ocr_line' id='line_1_11' title="bbox 139 1689 1289 1776; baseline 0.001 -25"><span class='ocrx_word' id='word_1_80' title='bbox 139 1689 312 1774; x_wconf 82' lang='lat' dir='ltr'>iteremus,</span> <span class='ocrx_word' id='word_1_81' title='bbox 339 1712 454 1756; x_wconf 83' lang='lat' dir='ltr'>caussa</span> <span class='ocrx_word' id='word_1_82' title='bbox 480 1713 547 1756; x_wconf 90' lang='lat' dir='ltr'>non</span> <span class='ocrx_word' id='word_1_83' title='bbox 577 1695 628 1757; x_wconf 87' lang='lat' dir='ltr'>est</span> <span class='ocrx_word' id='word_1_84' title='bbox 655 1692 721 1756; x_wconf 85' lang='lat' dir='ltr'>alia</span> <span class='ocrx_word' id='word_1_85' title='bbox 744 1713 841 1776; x_wconf 89' lang='lat' dir='ltr'>quam</span> <span class='ocrx_word' id='word_1_86' title='bbox 865 1691 949 1776; x_wconf 90' lang='lat' dir='ltr'>quod</span> <span class='ocrx_word' id='word_1_87' title='bbox 974 1691 1042 1756; x_wconf 92' lang='lat' dir='ltr'>illic</span> <span class='ocrx_word' id='word_1_88' title='bbox 1066 1691 1169 1755; x_wconf 90' lang='lat' dir='ltr'>multo</span> <span class='ocrx_word' id='word_1_89' title='bbox 1194 1711 1289 1773; x_wconf 87' lang='lat' dir='ltr'>quam</span> 
     </span>
     <span class='ocr_line' id='line_1_12' title="bbox 139 1795 1290 1882; baseline 0.001 -24"><span class='ocrx_word' id='word_1_90' title='bbox 139 1795 229 1859; x_wconf 90' lang='lat' dir='ltr'>credi</span> <span class='ocrx_word' id='word_1_91' title='bbox 248 1795 354 1880; x_wconf 92' lang='lat' dir='ltr'>potuit</span> <span class='ocrx_word' id='word_1_92' title='bbox 372 1797 598 1882; x_wconf 78' lang='lat' dir='ltr'>neglegentius</span> <span class='ocrx_word' id='word_1_93' title='bbox 618 1801 652 1863; x_wconf 91' lang='lat' dir='ltr'>et</span> <span class='ocrx_word' id='word_1_94' title='bbox 669 1801 799 1882; x_wconf 90' lang='lat' dir='ltr'>praeter</span> <span class='ocrx_word' id='word_1_95' title='bbox 817 1797 988 1861; x_wconf 84' lang='lat' dir='ltr'>veritatem</span> <span class='ocrx_word' id='word_1_96' title='bbox 1003 1795 1108 1862; x_wconf 91' lang='lat' dir='ltr'>editus</span> <span class='ocrx_word' id='word_1_97' title='bbox 1124 1801 1183 1880; x_wconf 93' lang='lat' dir='ltr'>est,</span> <span class='ocrx_word' id='word_1_98' title='bbox 1205 1817 1290 1860; x_wconf 90' lang='lat' dir='ltr'>nunc</span> 
     </span>
     <span class='ocr_line' id='line_1_13' title="bbox 139 1903 1287 1990; baseline 0.001 -25"><span class='ocrx_word' id='word_1_99' title='bbox 139 1907 268 1988; x_wconf 86' lang='lat' dir='ltr'>autem,</span> <span class='ocrx_word' id='word_1_100' title='bbox 290 1907 464 1988; x_wconf 88' lang='lat' dir='ltr'>postquam</span> <span class='ocrx_word' id='word_1_101' title='bbox 488 1905 521 1970; x_wconf 93' lang='lat' dir='ltr'>in</span> <span class='ocrx_word' id='word_1_102' title='bbox 539 1927 687 1970; x_wconf 90' lang='lat' dir='ltr'>museum</span> <span class='ocrx_word' id='word_1_103' title='bbox 700 1903 954 1990; x_wconf 88' lang='lat' dir='ltr'>Neapolitanum</span> <span class='ocrx_word' id='word_1_104' title='bbox 973 1904 1117 1988; x_wconf 87' lang='lat' dir='ltr'>transiit,</span> <span class='ocrx_word' id='word_1_105' title='bbox 1141 1903 1181 1968; x_wconf 87' lang='lat' dir='ltr'>ad</span> <span class='ocrx_word' id='word_1_106' title='bbox 1199 1923 1287 1967; x_wconf 88' lang='lat' dir='ltr'>accu-</span> 
     </span>
     <span class='ocr_line' id='line_1_14' title="bbox 138 2009 1290 2096; baseline 0.001 -24"><span class='ocrx_word' id='word_1_107' title='bbox 138 2010 344 2075; x_wconf 87' lang='lat' dir='ltr'>ratissimum</span> <span class='ocrx_word' id='word_1_108' title='bbox 368 2012 548 2095; x_wconf 90' lang='lat' dir='ltr'>exemplum</span> <span class='ocrx_word' id='word_1_109' title='bbox 572 2011 775 2076; x_wconf 85' lang='lat' dir='ltr'>adsimilatus</span> <span class='ocrx_word' id='word_1_110' title='bbox 800 2010 886 2096; x_wconf 91' lang='lat' dir='ltr'>quod</span> <span class='ocrx_word' id='word_1_111' title='bbox 908 2011 1074 2094; x_wconf 89' lang='lat' dir='ltr'>praeclaro</span> <span class='ocrx_word' id='word_1_112' title='bbox 1094 2009 1201 2074; x_wconf 89' lang='lat' dir='ltr'>studio</span> <span class='ocrx_word' id='word_1_113' title='bbox 1225 2009 1290 2074; x_wconf 89' lang='lat' dir='ltr'>exi-</span> 
     </span>
     <span class='ocr_line' id='line_1_15' title="bbox 138 2116 1290 2201; baseline -0.001 -20"><span class='ocrx_word' id='word_1_114' title='bbox 138 2118 291 2201; x_wconf 90' lang='lat' dir='ltr'>miaeque</span> <span class='ocrx_word' id='word_1_115' title='bbox 314 2117 558 2184; x_wconf 82' lang='lat' dir='ltr'>benevolentiae</span> <span class='ocrx_word' id='word_1_116' title='bbox 583 2117 678 2184; x_wconf 90' lang='lat' dir='ltr'>Iulii</span> <span class='ocrx_word' id='word_1_117' title='bbox 700 2117 926 2184; x_wconf 85' lang='lat' dir='ltr'>Minervinii</span> <span class='ocrx_word' id='word_1_118' title='bbox 954 2117 1097 2182; x_wconf 89' lang='lat' dir='ltr'>debetur.</span> <span class='ocrx_word' id='word_1_119' title='bbox 1143 2116 1188 2180; x_wconf 81' lang='lat' dir='ltr'>Et</span> <span class='ocrx_word' id='word_1_120' title='bbox 1210 2116 1290 2180; x_wconf 92' lang='lat' dir='ltr'>illud</span> 
     </span>
     <span class='ocr_line' id='line_1_16' title="bbox 139 2223 1290 2310; baseline -0.002 -22"><span class='ocrx_word' id='word_1_121' title='bbox 139 2223 273 2310; x_wconf 88' lang='lat' dir='ltr'>quidem</span> <span class='ocrx_word' id='word_1_122' title='bbox 295 2245 360 2289; x_wconf 89' lang='lat' dir='ltr'>non</span> <span class='ocrx_word' id='word_1_123' title='bbox 384 2229 434 2288; x_wconf 92' lang='lat' dir='ltr'>est</span> <span class='ocrx_word' id='word_1_124' title='bbox 457 2225 543 2309; x_wconf 87' lang='lat' dir='ltr'>quod</span> <span class='ocrx_word' id='word_1_125' title='bbox 566 2226 728 2291; x_wconf 88' lang='lat' dir='ltr'>morosius</span> <span class='ocrx_word' id='word_1_126' title='bbox 747 2225 923 2309; x_wconf 87' lang='lat' dir='ltr'>culpemus,</span> <span class='ocrx_word' id='word_1_127' title='bbox 947 2225 1032 2309; x_wconf 90' lang='lat' dir='ltr'>quod</span> <span class='ocrx_word' id='word_1_128' title='bbox 1055 2227 1215 2288; x_wconf 84' lang='lat' dir='ltr'>extremae</span> <span class='ocrx_word' id='word_1_129' title='bbox 1238 2223 1290 2287; x_wconf 85' lang='lat' dir='ltr'>lit</span> 
     </span>
     <span class='ocr_line' id='line_1_17' title="bbox 139 2327 1289 2412; baseline -0.001 -19"><span class='ocrx_word' id='word_1_130' title='bbox 139 2334 233 2396; x_wconf 88' lang='lat' dir='ltr'>terae</span> <span class='ocrx_word' id='word_1_131' title='bbox 257 2331 338 2396; x_wconf 91' lang='lat' dir='ltr'>duae</span> <span class='ocrx_word' id='word_1_132' title='bbox 362 2329 580 2396; x_wconf 80' lang='lat' dir='ltr'>CORNELIO</span> <span class='ocrx_word' id='word_1_133' title='bbox 611 2330 752 2396; x_wconf 89' lang='lat' dir='ltr'>nominis</span> <span class='ocrx_word' id='word_1_134' title='bbox 782 2329 938 2394; x_wconf 86' lang='lat' dir='ltr'>atabula</span> <span class='ocrx_word' id='word_1_135' title='bbox 960 2327 1178 2412; x_wconf 86' lang='lat' dir='ltr'>Neapolitana</span> <span class='ocrx_word' id='word_1_136' title='bbox 1199 2351 1289 2412; x_wconf 90' lang='lat' dir='ltr'>pror·</span> 
     </span>
     <span class='ocr_line' id='line_1_18' title="bbox 139 2434 1289 2520; baseline -0.003 -19"><span class='ocrx_word' id='word_1_137' title='bbox 139 2459 195 2502; x_wconf 90' lang='lat' dir='ltr'>sus</span> <span class='ocrx_word' id='word_1_138' title='bbox 223 2436 355 2501; x_wconf 89' lang='lat' dir='ltr'>absunt:</span> <span class='ocrx_word' id='word_1_139' title='bbox 379 2457 436 2500; x_wconf 88' lang='lat' dir='ltr'>eae</span> <span class='ocrx_word' id='word_1_140' title='bbox 460 2436 547 2501; x_wconf 89' lang='lat' dir='ltr'>enim</span> <span class='ocrx_word' id='word_1_141' title='bbox 570 2437 674 2520; x_wconf 89' lang='lat' dir='ltr'>ipsius</span> <span class='ocrx_word' id='word_1_142' title='bbox 693 2437 821 2500; x_wconf 89' lang='lat' dir='ltr'>demum</span> <span class='ocrx_word' id='word_1_143' title='bbox 835 2434 1023 2500; x_wconf 84' lang='lat' dir='ltr'>Minervinii</span> <span class='ocrx_word' id='word_1_144' title='bbox 1047 2457 1146 2520; x_wconf 90' lang='lat' dir='ltr'>opera</span> <span class='ocrx_word' id='word_1_145' title='bbox 1163 2439 1196 2498; x_wconf 91' lang='lat' dir='ltr'>et</span> <span class='ocrx_word' id='word_1_146' title='bbox 1214 2456 1289 2498; x_wconf 90' lang='lat' dir='ltr'>cura</span> 
     </span>
     <span class='ocr_line' id='line_1_19' title="bbox 140 2541 1342 2626; baseline -0.002 -18"><span class='ocrx_word' id='word_1_147' title='bbox 140 2544 293 2608; x_wconf 86' lang='lat' dir='ltr'>effectum</span> <span class='ocrx_word' id='word_1_148' title='bbox 317 2547 426 2608; x_wconf 89' lang='lat' dir='ltr'>estut</span> <span class='ocrx_word' id='word_1_149' title='bbox 449 2565 466 2607; x_wconf 90' lang='lat' dir='ltr'>e</span> <span class='ocrx_word' id='word_1_150' title='bbox 490 2543 556 2608; x_wconf 88' lang='lat' dir='ltr'>situ</span> <span class='ocrx_word' id='word_1_151' title='bbox 584 2545 617 2606; x_wconf 90' lang='lat' dir='ltr'>et</span> <span class='ocrx_word' id='word_1_152' title='bbox 643 2541 786 2607; x_wconf 90' lang='lat' dir='ltr'>tenebris</span> <span class='ocrx_word' id='word_1_153' title='bbox 814 2541 929 2626; x_wconf 89' lang='lat' dir='ltr'>quibus</span> <span class='ocrx_word' id='word_1_154' title='bbox 959 2542 1107 2606; x_wconf 84' lang='lat' dir='ltr'>obtectae</span> <span class='ocrx_word' id='word_1_155' title='bbox 1135 2545 1228 2605; x_wconf 90' lang='lat' dir='ltr'>erant</span> <span class='ocrx_word' id='word_1_156' title='bbox 1255 2541 1288 2605; x_wconf 92' lang='lat' dir='ltr'>in</span> <span class='ocrx_word' id='word_1_157' title='bbox 1297 2567 1342 2606; x_wconf 91' lang='lat' dir='ltr'>vn</span> 
     </span>
     <span class='ocr_line' id='line_1_20' title="bbox 139 2635 1289 2734; baseline -0.004 -20"><span class='ocrx_word' id='word_1_158' title='bbox 139 2649 248 2715; x_wconf 90' lang='lat' dir='ltr'>lucem</span> <span class='ocrx_word' id='word_1_159' title='bbox 272 2651 460 2734; x_wconf 88' lang='lat' dir='ltr'>prodierint.</span> <span class='ocrx_word' id='word_1_160' title='bbox 492 2649 601 2714; x_wconf 89' lang='lat' dir='ltr'>Minus</span> <span class='ocrx_word' id='word_1_161' title='bbox 625 2648 800 2714; x_wconf 87' lang='lat' dir='ltr'>condonari</span> <span class='ocrx_word' id='word_1_162' title='bbox 823 2650 962 2732; x_wconf 88' lang='lat' dir='ltr'>possunt</span> <span class='ocrx_word' id='word_1_163' title='bbox 984 2635 1153 2731; x_wconf 79' lang='lat' dir='ltr'>neglectae</span> <span class='ocrx_word' id='word_1_164' title='bbox 1177 2669 1289 2710; x_wconf 82' lang='lat' dir='ltr'>versus</span> 
     </span>
     <span class='ocr_line' id='line_1_21' title="bbox 139 2753 1288 2838; baseline -0.003 -18"><span class='ocrx_word' id='word_1_165' title='bbox 139 2755 233 2821; x_wconf 91' lang='lat' dir='ltr'>tertii</span> <span class='ocrx_word' id='word_1_166' title='bbox 265 2757 358 2822; x_wconf 92' lang='lat' dir='ltr'>initio</span> <span class='ocrx_word' id='word_1_167' title='bbox 390 2755 479 2820; x_wconf 85' lang='lat' dir='ltr'>PVR</span> <span class='ocrx_word' id='word_1_168' title='bbox 507 2755 651 2821; x_wconf 89' lang='lat' dir='ltr'>litterae:</span> <span class='ocrx_word' id='word_1_169' title='bbox 683 2775 764 2838; x_wconf 89' lang='lat' dir='ltr'>quas</span> <span class='ocrx_word' id='word_1_170' title='bbox 793 2753 826 2817; x_wconf 91' lang='lat' dir='ltr'>in</span> <span class='ocrx_word' id='word_1_171' title='bbox 858 2753 1032 2837; x_wconf 85' lang='lat' dir='ltr'>propatulo</span> <span class='ocrx_word' id='word_1_172' title='bbox 1065 2757 1115 2818; x_wconf 90' lang='lat' dir='ltr'>est</span> <span class='ocrx_word' id='word_1_173' title='bbox 1146 2753 1187 2817; x_wconf 88' lang='lat' dir='ltr'>ab</span> <span class='ocrx_word' id='word_1_174' title='bbox 1217 2753 1288 2836; x_wconf 91' lang='lat' dir='ltr'>ipso</span> 
     </span>
     <span class='ocr_line' id='line_1_22' title="bbox 139 2859 1408 2947; baseline -0.004 -21"><span class='ocrx_word' id='word_1_175' title='bbox 139 2863 266 2946; x_wconf 87' lang='lat' dir='ltr'>pictore</span> <span class='ocrx_word' id='word_1_176' title='bbox 290 2863 404 2947; x_wconf 86' lang='lat' dir='ltr'>opifice</span> <span class='ocrx_word' id='word_1_177' title='bbox 433 2863 603 2928; x_wconf 89' lang='lat' dir='ltr'>derelictas</span> <span class='ocrx_word' id='word_1_178' title='bbox 632 2883 714 2945; x_wconf 89' lang='lat' dir='ltr'>esse,</span> <span class='ocrx_word' id='word_1_179' title='bbox 746 2864 783 2925; x_wconf 91' lang='lat' dir='ltr'>ut</span> <span class='ocrx_word' id='word_1_180' title='bbox 810 2881 890 2945; x_wconf 86' lang='lat' dir='ltr'>quas</span> <span class='ocrx_word' id='word_1_181' title='bbox 919 2860 1055 2924; x_wconf 88' lang='lat' dir='ltr'>sentiret</span> <span class='ocrx_word' id='word_1_182' title='bbox 1083 2881 1141 2943; x_wconf 93' lang='lat' dir='ltr'>per</span> <span class='ocrx_word' id='word_1_183' title='bbox 1167 2859 1289 2942; x_wconf 88' lang='lat' dir='ltr'>impru-</span> <span class='ocrx_word' id='word_1_184' title='bbox 1404 2939 1408 2945; x_wconf 21' lang='grc' dir='ltr'>Ι</span> 
     </span>
     <span class='ocr_line' id='line_1_23' title="bbox 141 2951 1288 3056; baseline -0.002 -23"><span class='ocrx_word' id='word_1_185' title='bbox 141 2968 287 3035; x_wconf 90' lang='lat' dir='ltr'>dentiam</span> <span class='ocrx_word' id='word_1_186' title='bbox 316 2967 474 3056; x_wconf 86' lang='lat' dir='ltr'>superiori</span> <span class='ocrx_word' id='word_1_187' title='bbox 497 2971 604 3036; x_wconf 85' lang='lat' dir='ltr'>versui</span> <span class='ocrx_word' id='word_1_188' title='bbox 628 2968 726 3034; x_wconf 85' lang='lat' dir='ltr'>nimis</span> <span class='ocrx_word' id='word_1_189' title='bbox 749 2951 1053 3052; x_wconf 52' lang='lat' dir='ltr'>appropinquatass</span> <span class='ocrx_word' id='word_1_190' title='bbox 1073 2966 1211 3032; x_wconf 85' lang='lat' dir='ltr'>Prorsus</span> <span class='ocrx_word' id='word_1_191' title='bbox 1234 2989 1288 3031; x_wconf 89' lang='lat' dir='ltr'>au-</span> 
     </span>
     <span class='ocr_line' id='line_1_24' title="bbox 140 3074 1289 3162; baseline 0 -23"><span class='ocrx_word' id='word_1_192' title='bbox 140 3079 210 3141; x_wconf 92' lang='lat' dir='ltr'>tem</span> <span class='ocrx_word' id='word_1_193' title='bbox 234 3075 384 3141; x_wconf 84' lang='lat' dir='ltr'>excedere</span> <span class='ocrx_word' id='word_1_194' title='bbox 407 3078 535 3143; x_wconf 85' lang='lat' dir='ltr'>veniam</span> <span class='ocrx_word' id='word_1_195' title='bbox 562 3077 643 3142; x_wconf 90' lang='lat' dir='ltr'>illud</span> <span class='ocrx_word' id='word_1_196' title='bbox 673 3079 808 3162; x_wconf 89' lang='lat' dir='ltr'>apparet</span> <span class='ocrx_word' id='word_1_197' title='bbox 836 3074 919 3159; x_wconf 92' lang='lat' dir='ltr'>quod</span> <span class='ocrx_word' id='word_1_198' title='bbox 950 3075 1030 3140; x_wconf 91' lang='lat' dir='ltr'>duos</span> <span class='ocrx_word' id='word_1_199' title='bbox 1054 3097 1164 3140; x_wconf 86' lang='lat' dir='ltr'>versus</span> <span class='ocrx_word' id='word_1_200' title='bbox 1188 3077 1289 3139; x_wconf 90' lang='lat' dir='ltr'>extre-</span> 
     </span>
     <span class='ocr_line' id='line_1_25' title="bbox 142 3181 1288 3270; baseline -0.003 -22"><span class='ocrx_word' id='word_1_201' title='bbox 142 3205 215 3248; x_wconf 88' lang='lat' dir='ltr'>mos</span> <span class='ocrx_word' id='word_1_202' title='bbox 240 3183 497 3270; x_wconf 86' lang='lat' dir='ltr'>chalcographus</span> <span class='ocrx_word' id='word_1_203' title='bbox 521 3183 758 3268; x_wconf 86' lang='lat' dir='ltr'>Neapolitanus</span> <span class='ocrx_word' id='word_1_204' title='bbox 783 3183 816 3247; x_wconf 93' lang='lat' dir='ltr'>in</span> <span class='ocrx_word' id='word_1_205' title='bbox 840 3182 934 3247; x_wconf 89' lang='lat' dir='ltr'>unius</span> <span class='ocrx_word' id='word_1_206' title='bbox 959 3204 1071 3247; x_wconf 83' lang='lat' dir='ltr'>versus</span> <span class='ocrx_word' id='word_1_207' title='bbox 1095 3181 1288 3247; x_wconf 88' lang='lat' dir='ltr'>continuita-</span> 
     </span>
     <span class='ocr_line' id='line_1_26' title="bbox 142 3287 1288 3373; baseline -0.003 -19"><span class='ocrx_word' id='word_1_208' title='bbox 142 3295 211 3354; x_wconf 85' lang='lat' dir='ltr'>tem</span> <span class='ocrx_word' id='word_1_209' title='bbox 234 3288 407 3373; x_wconf 89' lang='lat' dir='ltr'>productos</span> <span class='ocrx_word' id='word_1_210' title='bbox 431 3290 592 3354; x_wconf 84' lang='lat' dir='ltr'>exhibuit:</span> <span class='ocrx_word' id='word_1_211' title='bbox 624 3290 708 3352; x_wconf 91' lang='lat' dir='ltr'>nihil</span> <span class='ocrx_word' id='word_1_212' title='bbox 731 3295 768 3353; x_wconf 91' lang='lat' dir='ltr'>ut</span> <span class='ocrx_word' id='word_1_213' title='bbox 792 3288 830 3350; x_wconf 93' lang='lat' dir='ltr'>de</span> <span class='ocrx_word' id='word_1_214' title='bbox 854 3287 1028 3372; x_wconf 88' lang='lat' dir='ltr'>suppletis,</span> <span class='ocrx_word' id='word_1_215' title='bbox 1056 3311 1137 3372; x_wconf 86' lang='lat' dir='ltr'>quae</span> <span class='ocrx_word' id='word_1_216' title='bbox 1160 3288 1194 3350; x_wconf 89' lang='lat' dir='ltr'>in</span> <span class='ocrx_word' id='word_1_217' title='bbox 1217 3287 1288 3371; x_wconf 91' lang='lat' dir='ltr'>ipso</span> 
     </span>
     <span class='ocr_line' id='line_1_27' title="bbox 143 3393 1288 3478; baseline -0.002 -20"><span class='ocrx_word' id='word_1_218' title='bbox 143 3416 236 3458; x_wconf 90' lang='lat' dir='ltr'>muro</span> <span class='ocrx_word' id='word_1_219' title='bbox 264 3395 398 3458; x_wconf 90' lang='lat' dir='ltr'>mutilae</span> <span class='ocrx_word' id='word_1_220' title='bbox 427 3399 514 3478; x_wconf 89' lang='lat' dir='ltr'>sunt,</span> <span class='ocrx_word' id='word_1_221' title='bbox 545 3395 664 3458; x_wconf 88' lang='lat' dir='ltr'>litteris</span> <span class='ocrx_word' id='word_1_222' title='bbox 692 3416 804 3458; x_wconf 84' lang='lat' dir='ltr'>versus</span> <span class='ocrx_word' id='word_1_223' title='bbox 832 3393 1002 3457; x_wconf 88' lang='lat' dir='ltr'>novissimi</span> <span class='ocrx_word' id='word_1_224' title='bbox 1029 3393 1182 3458; x_wconf 87' lang='lat' dir='ltr'>dicamus.</span> <span class='ocrx_word' id='word_1_225' title='bbox 1227 3393 1288 3457; x_wconf 91' lang='lat' dir='ltr'>His</span> 
     </span>
     <span class='ocr_line' id='line_1_28' title="bbox 143 3497 1289 3582; baseline -0.003 -19"><span class='ocrx_word' id='word_1_226' title='bbox 143 3503 263 3582; x_wconf 91' lang='lat' dir='ltr'>autem,</span> <span class='ocrx_word' id='word_1_227' title='bbox 282 3521 363 3582; x_wconf 89' lang='lat' dir='ltr'>quae</span> <span class='ocrx_word' id='word_1_228' title='bbox 383 3498 619 3564; x_wconf 88' lang='lat' dir='ltr'>dubitationem</span> <span class='ocrx_word' id='word_1_229' title='bbox 638 3521 704 3563; x_wconf 92' lang='lat' dir='ltr'>non</span> <span class='ocrx_word' id='word_1_230' title='bbox 725 3497 857 3580; x_wconf 87' lang='lat' dir='ltr'>habent,</span> <span class='ocrx_word' id='word_1_231' title='bbox 877 3498 1109 3581; x_wconf 90' lang='lat' dir='ltr'>supplementis</span> <span class='ocrx_word' id='word_1_232' title='bbox 1131 3499 1289 3582; x_wconf 89' lang='lat' dir='ltr'>susceptis</span> 
     </span>
     <span class='ocr_line' id='line_1_29' title="bbox 143 3604 842 3689; baseline 0 -21"><span class='ocrx_word' id='word_1_233' title='bbox 143 3605 225 3668; x_wconf 91' lang='lat' dir='ltr'>haec</span> <span class='ocrx_word' id='word_1_234' title='bbox 248 3605 312 3669; x_wconf 87' lang='lat' dir='ltr'>iam</span> <span class='ocrx_word' id='word_1_235' title='bbox 336 3605 438 3670; x_wconf 86' lang='lat' dir='ltr'>totius</span> <span class='ocrx_word' id='word_1_236' title='bbox 461 3605 551 3669; x_wconf 88' lang='lat' dir='ltr'>tituli</span> <span class='ocrx_word' id='word_1_237' title='bbox 574 3604 696 3689; x_wconf 88' lang='lat' dir='ltr'>species</span> <span class='ocrx_word' id='word_1_238' title='bbox 720 3604 842 3688; x_wconf 91' lang='lat' dir='ltr'>prodit:</span> 
     </span>
    </p>
   </div>
   <div class='ocr_carea' id='block_1_4' title="bbox 462 3726 969 3918">
    <p class='ocr_par' dir='ltr' id='par_1_5' title="bbox 462 3726 969 3918">
     <span class='ocr_line' id='line_1_30' title="bbox 462 3726 936 3794; baseline -0.002 0"><span class='ocrx_word' id='word_1_239' title='bbox 462 3726 936 3794; x_wconf 81' lang='lat' dir='ltr'>L·OORNEL10</span> 
     </span>
     <span class='ocr_line' id='line_1_31' title="bbox 552 3849 969 3918; baseline -0.002 0"><span class='ocrx_word' id='word_1_240' title='bbox 552 3849 969 3918; x_wconf 78' lang='lat' dir='ltr'><strong>CINNAGOSITER</strong></span> 
     </span>
    </p>
   </div>
   <div class='ocr_carea' id='block_1_5' title="bbox 464 3943 523 3982">
    <p class='ocr_par' dir='ltr' id='par_1_6' title="bbox 464 3943 523 3982">
     <span class='ocr_line' id='line_1_32' title="bbox 464 3943 523 3982; baseline 0.034 -2"><span class='ocrx_word' id='word_1_241' title='bbox 464 3943 523 3982; x_wconf 79' lang='lat' dir='ltr'>PVB</span> 
     </span>
    </p>
   </div>
   <div class='ocr_carea' id='block_1_6' title="bbox 463 3993 932 4188">
    <p class='ocr_par' dir='ltr' id='par_1_7' title="bbox 463 3993 932 4188">
     <span class='ocr_line' id='line_1_33' title="bbox 463 3993 932 4061; baseline -0.009 0"><span class='ocrx_word' id='word_1_242' title='bbox 463 3993 932 4061; x_wconf 68' lang='lat' dir='ltr'>evaeorum</span> 
     </span>
     <span class='ocr_line' id='line_1_34' title="bbox 551 4105 928 4188; baseline 0.011 -4"><span class='ocrx_word' id='word_1_243' title='bbox 551 4105 928 4188; x_wconf 73' lang='lat' dir='ltr'>uersa-rm</span> 
     </span>
    </p>
   </div>
   <div class='ocr_carea' id='block_1_7' title="bbox 144 4223 1288 4433">
    <p class='ocr_par' dir='ltr' id='par_1_8' title="bbox 144 4223 1288 4433">
     <span class='ocr_line' id='line_1_35' title="bbox 145 4223 1286 4330; baseline -0.004 -18"><span class='ocrx_word' id='word_1_244' title='bbox 145 4246 294 4314; x_wconf 82' lang='lat' dir='ltr'>Ceterum</span> <span class='ocrx_word' id='word_1_245' title='bbox 317 4248 352 4312; x_wconf 92' lang='lat' dir='ltr'>in</span> <span class='ocrx_word' id='word_1_246' title='bbox 374 4246 480 4330; x_wconf 88' lang='lat' dir='ltr'>ipsam</span> <span class='ocrx_word' id='word_1_247' title='bbox 503 4245 805 4328; x_wconf 88' lang='lat' dir='ltr'>interpretationem</span> <span class='ocrx_word' id='word_1_248' title='bbox 832 4241 1000 4307; x_wconf 85' lang='lat' dir='ltr'>fatendum</span> <span class='ocrx_word' id='word_1_249' title='bbox 1028 4223 1078 4305; x_wconf 89' lang='lat' dir='ltr'>est</span> <span class='ocrx_word' id='word_1_250' title='bbox 1107 4242 1189 4306; x_wconf 91' lang='lat' dir='ltr'>nibil</span> <span class='ocrx_word' id='word_1_251' title='bbox 1212 4243 1286 4308; x_wconf 78' lang='lat' dir='ltr'>novi</span> 
     </span>
     <span class='ocr_line' id='line_1_36' title="bbox 144 4347 1288 4433; baseline -0.004 -15"><span class='ocrx_word' id='word_1_252' title='bbox 144 4375 183 4418; x_wconf 88' lang='lat' dir='ltr'>ex</span> <span class='ocrx_word' id='word_1_253' title='bbox 206 4355 258 4420; x_wconf 91' lang='lat' dir='ltr'>his</span> <span class='ocrx_word' id='word_1_254' title='bbox 282 4353 559 4421; x_wconf 88' lang='lat' dir='ltr'>emendationibus</span> <span class='ocrx_word' id='word_1_255' title='bbox 587 4351 773 4416; x_wconf 86' lang='lat' dir='ltr'>redundare.</span> <span class='ocrx_word' id='word_1_256' title='bbox 820 4349 1023 4433; x_wconf 86' lang='lat' dir='ltr'>Quamquam</span> <span class='ocrx_word' id='word_1_257' title='bbox 1050 4369 1090 4412; x_wconf 89' lang='lat' dir='ltr'>ne</span> <span class='ocrx_word' id='word_1_258' title='bbox 1114 4347 1288 4414; x_wconf 87' lang='lat' dir='ltr'>desiderari</span> 
     </span>
    </p>
   </div>
   <div class='ocr_carea' id='block_1_8' title="bbox 145 4456 1287 4622">
    <p class='ocr_par' dir='ltr' id='par_1_9' title="bbox 145 4456 1287 4622">
     <span class='ocr_line' id='line_1_37' title="bbox 145 4456 1287 4547; baseline -0.002 -25"><span class='ocrx_word' id='word_1_259' title='bbox 145 4459 273 4542; x_wconf 87' lang='lat' dir='ltr'>quidem</span> <span class='ocrx_word' id='word_1_260' title='bbox 297 4462 468 4547; x_wconf 90' lang='lat' dir='ltr'>quicquam</span> <span class='ocrx_word' id='word_1_261' title='bbox 493 4461 534 4525; x_wconf 87' lang='lat' dir='ltr'>ad</span> <span class='ocrx_word' id='word_1_262' title='bbox 557 4457 759 4524; x_wconf 88' lang='lat' dir='ltr'>commodum</span> <span class='ocrx_word' id='word_1_263' title='bbox 779 4459 963 4538; x_wconf 88' lang='lat' dir='ltr'>certumque</span> <span class='ocrx_word' id='word_1_264' title='bbox 982 4456 1183 4521; x_wconf 90' lang='lat' dir='ltr'>intellectum</span> <span class='ocrx_word' id='word_1_265' title='bbox 1207 4457 1287 4522; x_wconf 87' lang='lat' dir='ltr'>satis</span> 
     </span>
     <span class='ocr_line' id='line_1_38' title="bbox 198 4565 1074 4622; baseline 0.009 -6"><span class='ocrx_word' id='word_1_266' title='bbox 198 4583 238 4617; x_wconf 74' lang='lat' dir='ltr'>aa</span> <span class='ocrx_word' id='word_1_267' title='bbox 258 4583 406 4619; x_wconf 83' lang='lat' dir='ltr'>xrrscnemr</span> <span class='ocrx_word' id='word_1_268' title='bbox 425 4584 559 4622; x_wconf 74' lang='lat' dir='ltr'>orvscvna</span> <span class='ocrx_word' id='word_1_269' title='bbox 578 4585 615 4620; x_wconf 81' lang='lat' dir='ltr'>iv.</span> <span class='ocrx_word' id='word_1_270' title='bbox 1040 4565 1074 4614; x_wconf 81' lang='lat'>35</span> 
     </span>
    </p>
   </div>
   <div class='ocr_carea' id='block_1_9' title="bbox 0 0 1616 5076">
    <p class='ocr_par' dir='ltr' id='par_1_10' title="bbox 0 0 1616 5076">
     <span class='ocr_line' id='line_1_39' title="bbox 0 0 1616 5076; baseline 0 0"><span class='ocrx_word' id='word_1_271' title='bbox 0 0 1616 5076; x_wconf 95' lang='lat' dir='ltr'> </span> 
     </span>
    </p>
   </div>
  </div>
 </body>
</html>
