3216 5082
305 339 370 404 526
542 355 687 404 anisola
712 353 933 404 usummmrs
956 352 1216 402 amensamens

303 520 369 563 non
396 497 581 565 dissuadere
613 502 754 583 tantum,
787 498 844 564 sed
873 500 1015 565 evertere
1045 497 1125 562 illud
1147 496 1332 582 videbatur,
1364 497 1445 582 quod

303 605 470 671 consulem
486 603 665 672 Minucium
690 606 822 672 omnino
845 627 910 672 non
925 604 986 671 Gai
1009 591 1126 688 filium,
1149 603 1205 689 qui
1228 608 1279 670 est
1297 604 1332 670 iu
1350 605 1444 670 titulo

302 712 465 796 Romano,
493 712 549 778 sed
571 711 650 776 Luci
677 712 783 778 filiurn
806 711 868 778 Gai
898 716 1051 797 nepotem
1074 712 1151 778 fasti
1175 709 1352 796 Capitolini
1379 733 1446 796 per·
1525 729 1530 734 ·
1575 699 1576 764 l

302 819 461 885 biberent.
491 819 597 906 Igitur
614 820 795 887 testimonii
814 819 909 886 fidem
933 841 1005 886 cum
1023 821 1187 906 potiorem
1204 818 1361 886 haberem
1379 819 1447 884 sola
1575 865 1576 868 κ

303 925 533 992 consuetudine
558 927 711 1012 quadam,
733 950 798 995 non
821 927 914 1012 potui
936 948 1003 993 non
1025 927 1059 992 in
1082 926 1262 1011 posteriora
1286 926 1446 992 sententia
1575 925 1576 942 ¹

303 1034 491 1119 subsistere,
518 1035 566 1100 rei
588 1034 796 1100 insolentiam
819 1056 1023 1119 quocumque
1049 1033 1146 1098 modo
1175 1033 1300 1098 leniens
1323 1033 1375 1098 uel
1397 1055 1445 1098 ex·

302 1161 431 1206 cussus:
465 1140 504 1205 ad
528 1140 745 1206 excusandum
773 1162 810 1206 eo
840 1137 968 1225 quidem
991 1140 1138 1225 pronior,
1168 1162 1231 1225 quo
1254 1139 1446 1206 luculentius

251 1296 260 1307 .
303 1248 485 1332 exemplum
509 1269 575 1312 non
598 1246 742 1332 profecto
771 1247 902 1312 levioris
925 1247 1116 1312 insolentiae
1145 1246 1227 1312 illud
1249 1246 1359 1330 ipsum
1381 1269 1445 1312 ma

302 1353 472 1438 gisterium
501 1352 648 1437 equitum
674 1351 844 1437 praeberet
872 1374 945 1418 cum
968 1351 1139 1418 dictatoris
1167 1353 1304 1437 imperio
1334 1374 1445 1438 aequa·

301 1463 385 1544 tum,
409 1460 499 1525 ouius
522 1459 570 1525 rai
593 1459 872 1544 probabilitatem,
899 1459 964 1525 nisi
987 1459 1202 1526 certissimum
1224 1461 1445 1530 testimonium

302 1566 440 1651 iuberet,
463 1588 558 1632 nemo
581 1586 736 1652 umquam
758 1566 860 1630 menti
883 1587 959 1632 suae
982 1565 1216 1632 informaturus
1240 1569 1321 1633 erat
1357 1566 1445 1643 Quod
1575 1565 1576 1568 '

302 1677 415 1738 contre
438 1673 476 1738 de
495 1673 653 1740 dictatore
671 1695 737 1738 non
755 1673 917 1738 consulari
935 1673 994 1738 illo
1014 1673 1120 1739 simile
1139 1673 1363 1740 testimonium
1383 1697 1446 1740 non

302 1783 473 1865 suppetere
496 1781 612 1846 mirum
635 1780 737 1846 videri
760 1783 944 1865 propterea
959 1803 1025 1846 non
1052 1784 1194 1866 poterat,
1226 1781 1313 1866 quod
1337 1786 1369 1848 et
1391 1803 1446 1866 per

301 1909 335 1950 se
363 1887 494 1952 levioris
526 1887 682 1952 momenti
716 1907 754 1951 ea
786 1909 838 1952 res
866 1891 964 1970 esset,
994 1893 1182 1973 comparata
1214 1889 1344 1973 quidem
1370 1909 1446 1953 cum

302 1993 462 2078 ‘magistri
494 1993 640 2076 equitum
669 1991 849 2058 dictatoris’
882 1993 1043 2078 novitate,
1075 1997 1109 2058 et
1140 1995 1272 2060 illorum
1304 1994 1445 2080 ipsorum
1575 2039 1576 2078 ,

302 2121 459 2164 annorum
482 2098 658 2165 533-535
682 2099 840 2165 memoria
861 2099 895 2164 in
913 2098 1059 2166 Liuianis
1082 2101 1176 2166 libris
1200 2100 1425 2166 intercidisset

351 2228 355 2236 ’
389 2205 474 2272 Huic
501 2206 600 2291 igitur
626 2205 870 2272 ratiocinationi
897 2205 1085 2272 Hennenum
1111 2207 1212 2273 miror
1241 2208 1290 2272 ita
1316 2208 1446 2272 obviam
1575 2195 1576 2248 3

301 2311 348 2376 ire
370 2315 408 2377 ut
430 2313 671 2379 accuratissime
694 2311 934 2380 aMommseno
958 2336 1029 2378 esse
1051 2314 1310 2380 demonstratum
1328 2317 1448 2397 narret,
1575 2367 1576 2370 ,

254 2443 290 2484 rx
305 2423 381 2485 ante
404 2441 525 2486 annum
548 2420 678 2506 quidem
701 2421 768 2486 434
790 2421 825 2486 in
847 2418 955 2484 XXXI
983 2419 1195 2486 dictatoribus
1224 2420 1312 2486 viros
1336 2443 1448 2486 cousu-
1575 2457 1576 2466 κ

302 2527 386 2592 lates
408 2550 474 2594 non
497 2528 606 2613 plures
628 2549 723 2613 quam
745 2527 885 2594 sedecim
903 2527 1013 2612 fuisse,
1036 2531 1158 2594 ceteros
1176 2550 1241 2594 non
1261 2527 1447 2594 consulares
1575 2519 1576 2572 l

301 2656 427 2700 omnes:
456 2635 497 2700 ab
521 2634 578 2700 illo
602 2637 711 2699 autem
735 2655 820 2699 anno
848 2655 914 2699 non
936 2632 1151 2718 pluraquam
1174 2634 1251 2718 duo,
1274 2634 1447 2700 veladnu-
1575 2663 1576 2688 κ

300 2745 425 2807 merato
442 2739 547 2808 Glieia
565 2743 672 2808 scriba
689 2742 755 2808 tria
774 2741 921 2825 exempla
938 2762 1005 2806 non
1021 2741 1241 2806 consularium
1261 2745 1448 2826 suppetere:

301 2849 384 2914 unde
407 2871 607 2934 consequens
630 2870 701 2914 esse
724 2852 761 2913 ut
785 2848 826 2912 ab
851 2847 945 2913 annis
964 2847 1142 2914 uua-535
1164 2847 1357 2915 dictatorem
1379 2869 1447 2912 non
1575 2849 1576 2894 l

301 2956 503 3020 consularem
525 2956 637 3040 procul
660 2953 844 3020 habendum
868 2975 938 3018 esse
961 2953 1179 3038 intellegatur.
1213 2953 1337 3020 Verum
1360 2954 1447 3020 enim

300 3083 376 3126 vero
405 3061 568 3126 recordari
597 3061 700 3144 iurat,
740 3081 824 3144 quae
852 3081 872 3123 a
898 3057 1100 3126 Mommseno
1127 3082 1198 3126 esse
1225 3061 1447 3127 demonstrata

301 3167 461 3252 dicuntur,
491 3189 542 3232 me
570 3168 678 3252 ipsum
706 3165 915 3250 proposuisse
943 3167 1060 3234 omnia,
1106 3167 1234 3253 Quippe
1263 3168 1332 3252 ipse
1360 3166 1446 3234 dixe·
1575 3197 1576 3210 ¹

299 3297 370 3340 ram
392 3273 432 3341 de
455 3273 668 3340 dictatoribus
691 3295 758 3340 non
781 3272 1003 3338 consularibus
1027 3273 1111 3339 mira
1133 3275 1256 3340 incuria
1278 3276 1319 3340 ab
1339 3275 1447 3340 enchi·

299 3381 456 3447 ridiorum
478 3385 666 3448 nostrorum
688 3379 904 3464 scriptoribus
926 3380 974 3444 ita
999 3381 1112 3464 statui,
1136 3381 1230 3467 quasi
1252 3404 1351 3447 unum
1375 3386 1446 3448 tan·
1575 3367 1576 3410 ³

299 3491 369 3552 tum
398 3489 574 3554 alterumve
603 3487 784 3572 exemplum
815 3487 882 3552 eius
915 3485 1105 3554 insolentiae
1133 3488 1343 3572 reperiretur:
1374 3490 1446 3573 ipse
1575 3527 1576 3562 r

299 3593 442 3660 dixeram
467 3593 643 3680 magnoin
666 3593 728 3660 hoc
751 3613 868 3679 genere
886 3593 979 3658 hiatu
1002 3593 1043 3659 ab
1063 3615 1175 3660 eorum
1195 3616 1366 3681 annorum,
1389 3595 1445 3680 qui
1575 3625 1576 3680 ;

300 3704 375 3766 ante
400 3725 427 3767 a
446 3701 512 3766 434
535 3700 678 3786 fuerunt,
701 3700 934 3768 consuetudine
957 3723 1030 3766 eam
1053 3705 1194 3767 aetatem
1217 3701 1338 3768 distare
1362 3723 1445 3786 quae
1575 3779 1576 3782 Ἴ

299 3812 374 3892 post
398 3833 426 3874 a.
444 3808 510 3873 433
534 3806 609 3873 fuit:
640 3808 725 3892 ipse,
753 3829 836 3893 quae
863 3808 1032 3892 proportio
1060 3811 1147 3873 esset
1168 3808 1388 3876 consularium
1411 3811 1445 3872 ct
1575 3891 1576 3902 ἵ

298 3937 364 3981 non
390 3913 607 3980 consularium
626 3914 834 3998 dictatorum,
858 3937 923 3980 non
946 3913 1132 4000 indiligenti
1151 3918 1187 3980 ut
1209 3919 1290 4000 puto
1314 3937 1444 3999 compu-

298 4021 389 4088 tandi
413 4042 511 4106 opera
534 4019 730 4088 definieram.
765 4019 928 4086 Differuut
955 4043 1033 4086 saue
1056 4022 1184 4087 numeri
1202 4043 1222 4086 a
1240 4021 1442 4089 Mommseno
1575 4041 1576 4044 ’

298 4128 398 4213 positi
422 4128 463 4194 ab
487 4129 533 4194 eis
558 4151 638 4214 quos
662 4151 722 4215 ego
746 4149 994 4214 proposueram,
1018 4128 1074 4194 sed
1098 4129 1204 4214 specie
1223 4128 1328 4214 magis
1345 4150 1443 4212 quam

298 4258 332 4300 rc
355 4235 519 4302 differunt:
543 4237 661 4322 quippe
685 4259 799 4302 caussa
821 4258 921 4320 prope
945 4235 1049 4302 omnis
1075 4235 1163 4302 illius
1186 4235 1385 4302 differentiae
1408 4235 1442 4298 in
1575 4291 1576 4302 ,

298 4364 336 4406 eo
360 4345 501 4410 semitm
524 4344 610 4430 quod
634 4365 708 4430 ego,
738 4365 778 4409 ne
801 4342 935 4408 calidius
959 4363 1054 4428 agere
1078 4343 1212 4428 viderer,
1235 4341 1347 4408 eodem
1370 4361 1443 4404 cum
1575 4325 1576 4378 l

298 4449 375 4515 viris
399 4451 623 4517 consularibus
650 4451 722 4516 loeo
751 4471 807 4515 cos
834 4469 930 4533 posse
958 4449 1081 4514 censeri
1109 4449 1246 4534 largitus
1275 4469 1363 4512 eram
1386 4445 1442 4530 qui
