3246 5082
420 400 467 446 nu
491 399 667 449 saevucao
694 399 873 448 uvmoavn
897 399 1113 448 svscvnsno
1274 383 1339 447 265

194 539 244 622 [Ο.
262 542 288 609 Ι.
307 542 341 608 L.
364 541 379 606 Ι
402 565 433 608 n.
448 543 504 628 303
528 541 584 627 VI,
601 545 616 608 1
637 543 780 629 n.1285;
810 543 843 610 P.
861 542 896 610 L.
915 543 958 609 Μ.
977 544 1014 610 Ε.
1034 544 1100 610 tab.
1114 543 1272 609 XXXVII
1282 543 1340 626 B],

192 648 374 733 persuadet
419 648 518 715 Cuius
541 650 657 715 tertius
680 672 792 716 versus

397 746 553 822 Luciam
578 753 759 839 Scipione
781 795 804 804 -
825 755 936 822 filios
959 757 1135 842 Barbati,

191 863 247 929 ubi
275 863 322 928 sic
349 863 399 928 uti
429 863 491 928 feci
520 863 694 949 dimetiris,
730 865 819 950 leges
853 887 963 932 omnes
995 864 1140 933 Saturnii
1171 868 1266 933 metri
1299 869 1340 934 ad

192 969 349 1035 amussim
378 971 499 1054 explet:
531 971 650 1037 eisdem
683 972 867 1057 refragatur
896 972 1116 1060 pertinaciter,
1148 975 1177 1040 si
1204 998 1223 1040 a
1249 975 1340 1040 brevi

193 1078 226 1143 in
255 1077 409 1144 Luciom
442 1079 645 1162 paenultima
676 1080 889 1164 proficiscare.
943 1078 1029 1146 Nam
1063 1080 1125 1144 etsi
1156 1081 1186 1146 ei
1215 1083 1340 1148 nomini

192 1206 258 1250 non
284 1185 393 1251 nescio
422 1185 580 1270 syniaasis
609 1186 780 1252 artificium
804 1209 823 1252 a
847 1186 1041 1272 quibusdam
1069 1188 1196 1274 ascisci,
1229 1190 1276 1254 sic
1303 1195 1341 1254 ut

192 1331 376 1375 mensuram
400 1309 565 1395 expleant:
588 1287 746 1380 Lucibm
769 1311 953 1396 Scipidne
977 1333 1150 1398 suppressa
1167 1313 1253 1379 thesi
1274 1314 1339 1398 pri·

192 1439 259 1500 ma,
281 1419 392 1481 tamen
414 1417 499 1482 idem
528 1418 595 1484 scio
623 1441 739 1503 parum
766 1417 800 1484 id
829 1419 905 1485 illos
933 1419 1136 1486 considerate
1162 1419 1340 1504 instituere,

191 1525 323 1610 eiusque
346 1545 439 1589 usum
463 1511 621 1610 spniaesis
650 1531 800 1592 avetere
830 1525 993 1592 latinitate
1018 1527 1143 1612 eadem,
1172 1549 1237 1611 qua
1259 1527 1338 1591 olim

190 1630 252 1695 feci
279 1629 385 1696 Musei
411 1633 517 1698 nostri
544 1637 568 1699 t
591 1631 655 1697 VH
683 1656 713 1717 p.
737 1633 802 1698 595
827 1635 883 1714 [=
908 1631 1025 1716 Opusc.
1052 1631 1086 1697 Π
1113 1655 1143 1717 p.
1162 1634 1241 1716 594]
1262 1657 1339 1720 sqq,

190 1737 384 1803 confidentia
407 1738 506 1804 etiam
529 1761 614 1805 nunc
637 1739 794 1806 abiudico.
841 1740 932 1806 Neve
956 1740 1028 1824 quis
1051 1739 1085 1804 in
1108 1739 1193 1805 hanc
1211 1745 1339 1824 partem
1384 1764 1387 1770 ·

191 1845 295 1911 utier
326 1845 432 1912 forma
464 1847 632 1932 abutatur,
673 1869 754 1932 quae
786 1847 820 1912 in
852 1847 887 1912 P.
916 1844 1078 1932 Scipionis
1110 1847 1146 1912 P.
1167 1844 1198 1912 ‘f.
1231 1848 1339 1932 elogio

192 1951 241 2034 [Ο.
260 1953 284 2018 1.
302 1951 337 2018 L.
361 1953 376 2017 l
399 1977 430 2018 n.
449 1953 505 2038 333
533 1953 793 2040 VI,1n.1288;
820 1953 854 2018 P.
873 1953 908 2018 L.
927 1953 970 2020 M.
988 1954 1027 2020 Ε.
1049 1955 1116 2020 tab.
1135 1953 1274 2020 XXXIX
1287 1955 1337 2036 F]

189 2061 226 2125 in
254 2059 441 2125 Saturnium
468 2082 597 2126 versum
631 2061 678 2126 sic
704 2060 853 2126 intravit:
886 2061 1032 2138 Quibus
1066 2061 1121 2127 sei
1151 2061 1191 2125 iu
1222 2059 1339 2145 ldng'a

189 2165 376 2233 licui-set
407 2167 490 2233 tibc
521 2169 625 2233 utier
656 2167 753 2254 uita,
785 2172 875 2234 certa
901 2169 1151 2235 ratiocinatione
1180 2167 1260 2233 satis
1287 2189 1339 2232 me

191 2275 270 2340 olim
294 2277 464 2340 canturam
489 2273 628 2364 spero.*)
664 2275 780 2360 Itaque
799 2275 839 2341 ad
858 2275 957 2362 illius,
982 2297 1001 2340 a
1022 2297 1086 2360 quo
1106 2297 1238 2341 exorsus
1257 2298 1339 2360 sum,

156 2390 160 2395 ’
190 2403 302 2448 versus
326 2382 510 2467 exemplum
533 2383 715 2468 praestabit
736 2383 836 2448 etiam
869 2406 943 2450 eum
965 2385 1101 2451 recitare
1125 2383 1179 2469 qui
1203 2387 1254 2447 est
1276 2383 1339 2468 pri-

191 2511 263 2554 mus
287 2489 321 2554 in
344 2489 447 2573 ipsius
470 2489 567 2554 titulo
588 2489 738 2555 Barbati:

365 2593 569 2661 Cornelius
592 2593 733 2662 Lucius
756 2632 777 2644 -
802 2594 933 2682 Scipio
957 2596 1161 2663 Barbttus.

189 2703 277 2768 Nam
299 2701 386 2767 hunc
408 2699 538 2786 quidem
561 2703 624 2767 etsi
646 2703 766 2768 licebat
785 2725 862 2768 sane
881 2704 989 2788 aliquo
1009 2703 1105 2770 modo
1125 2705 1173 2770 sic
1191 2705 1339 2790 expedire

189 2810 280 2875 nulla
303 2810 406 2875 ascita
428 2809 581 2893 syniaesi,
608 2813 645 2875 ut
673 2832 845 2896 suppressa
872 2811 958 2877 thesi
986 2811 1090 2877 altera
1116 2812 1152 2877 in
1174 2811 1339 2898 dactylum

191 2918 294 2983 exiret
317 2917 407 3001 prius
431 2915 687 2984 hemistichium:
715 2915 922 2986 Cornelius
953 2918 1107 3006 Lucitas,
1137 2923 1247 2988 tamen
1275 2942 1338 3005 quo

192 3027 384 3112 argumento
407 3025 623 3110 aspernabere
648 3026 733 3110 quod
756 3047 828 3091 cum
851 3047 909 3110 per
931 3047 965 3091 se
988 3029 1022 3092 et
1040 3026 1220 3111 simplicius
1239 3029 1283 3093 sit
1306 3033 1339 3094 et

190 3133 381 3218 elegantius,
403 3135 473 3197 tum
497 3136 619 3197 certum
644 3155 660 3197 e
680 3131 826 3218 lapidum
846 3133 1008 3217 scriptura
1021 3129 1209 3200 Lvonlvs
1232 3134 1338 3200 firma·

190 3245 335 3308 mentum
366 3239 586 3306 nanciscitur?
638 3239 745 3318 Quid?
778 3238 863 3325 quod
890 3239 926 3304 in
954 3239 1097 3306 eiusdem
1129 3241 1219 3306 tituli
1251 3241 1338 3306 illius

190 3371 285 3413 versu
307 3349 405 3414 tertio
428 3347 572 3432 positum
595 3345 756 3423 QVOIVS
789 3369 808 3410 a
834 3345 962 3411 ratione
986 3345 1114 3429 quidem
1136 3368 1203 3412 non
1221 3347 1338 3413 abhor-

189 3457 261 3519 reat
291 3455 346 3540 qui
377 3453 586 3540 trisyllabum
624 3463 762 3538 quoius
799 3453 986 3538 genetivum
1022 3453 1266 3540 interpretetur,
1298 3454 1337 3518 ad

190 3559 292 3626 dativi
319 3559 457 3628 formam
481 3559 633 3638 QVOIEI
659 3580 760 3646 prope
791 3559 1009 3645 accedentem,
1041 3559 1123 3626 tales
1150 3561 1187 3625 ut
1212 3561 1337 3627 numeri

189 3667 360 3753 prodeant:
1111 3658 1131 3689 ‘

347 3765 491 3852 Quoius
515 3773 638 3840 forma
661 3771 856 3839 uirtu—tei
875 3771 1071 3858 parisuma
1093 3773 1179 3839 fuit.

191 3880 393 3966 Quamquam
409 3881 473 3947 hoc
491 3880 657 3946 fatendum
677 3885 727 3945 est
741 3881 968 3946 necessitatem
986 3903 1051 3945 uon
1068 3880 1196 3964 habere,
1210 3881 1338 3964 quando

190 4010 230 4054 ne
252 3989 397 4074 vulgaris
422 3989 551 4076 quidem
575 4009 727 4054 mensura
750 3986 897 4065 Quoius
921 3987 1044 4054 fdrma
1067 3987 1244 4054 offensione
1271 3988 1338 4052 ulla

191 4092 386 4183 laborat.**)

190 4217 283 4224 -----.
295 4217 402 4224 —-..-.——

278 4256 305 4323 *)
325 4253 370 4325 [ld
389 4253 464 4324 quod
483 4253 589 4308 lactum
608 4255 652 4308 cst
669 4251 759 4306 Musei
778 4251 867 4306 Rhea.
882 4253 902 4306 t.
918 4251 982 4306 XIV
997 4250 1081 4320 (infra
1098 4269 1126 4305 n.
1140 4251 1215 4320 XIV)
1234 4271 1261 4322 p.
1277 4259 1337 4308 405.

191 4341 220 4406 e·
237 4341 304 4500 wei)
324 4428 377 4501 [ef.
403 4447 477 4501 quaa
503 4397 675 4487 ltitscbelius
700 4427 856 4500 disputavit
882 4427 971 4484 Musei
998 4429 1086 4484 Rhea.
1114 4431 1136 4486 t.
1160 4429 1224 4486 xlv
1253 4430 1340 4500 (infra

190 4535 217 4572 n.
236 4515 310 4586 XIV)
328 4536 355 4588 p.
371 4523 423 4574 405
443 4518 506 4576 adu.
544 4518 572 4577 C.
588 4518 645 4592 W.]
880 4523 888 4534 '

644 4631 881 4640 ...—--————·
