3116 5066
273 360 337 424 166
545 373 766 421 uosvrmuru
792 371 1030 442 aruenrpnmn
1055 371 1146 426 1111.

268 543 326 604 per
350 518 456 584 varias
485 517 672 600 disputandi
703 517 887 582 occasiones
916 536 1015 598 snpra
1043 514 1204 579 admonui.
1250 514 1323 590 Quo
1353 535 1437 597 per-

269 627 353 691 tinet
384 624 527 688 adiectae
560 623 593 686 in
627 623 689 688 fine
726 621 958 689 vocabulorum
991 643 1023 686 m
1050 621 1184 687 'litterae
1221 619 1438 686 constantia:

269 753 367 818 quam
391 753 468 796 sane
492 753 558 796 non
581 729 690 814 potuit
711 730 777 795 iam
801 733 876 795 ante
894 729 1029 800 Accium
1053 751 1118 793 non
1137 731 1253 812 suopte
1273 729 1437 812 exemplo

268 839 392 904 Ennius
417 838 653 924 commendare,
681 860 775 922 quem
806 837 884 902 item
913 837 953 901 ad
978 836 1205 901 stabiliendam
1231 835 1437 920 grammati·

269 969 339 1010 cam
361 944 449 1010 hand
471 943 618 1029 paullum
641 943 815 1008 contulisse
839 943 919 1008 alibi
944 942 1139 1028 significavi,
1172 941 1227 1006 sed
1250 947 1369 1006 tamen
1396 949 1438 1007 ut

269 1053 432 1118 communi
455 1075 516 1116 usu
534 1051 731 1134 reciperetur
746 1049 863 1115 Accius
883 1049 1010 1114 demum
1031 1048 1175 1114 effecisse
1194 1049 1333 1114 videtur.
1366 1047 1436 1114 cui

269 1159 439 1224 consimile
463 1159 525 1224 hoc
543 1163 594 1223 est
613 1157 712 1243 quod,
735 1159 797 1222 etsi
816 1157 1060 1224 consonantium
1080 1157 1338 1242 geminationem
1358 1157 1435 1222 ianr

269 1265 412 1331 Ennium
439 1265 643 1349 praecepisse
672 1286 744 1328 cnm
771 1265 856 1329 ratio
885 1264 995 1349 arguit
1021 1267 1091 1328 tum
1119 1263 1309 1328 testimonia
1334 1264 1435 1330 evin-

270 1376 359 1456 cunt,
383 1372 580 1454 eandemque
609 1392 740 1454 prorsus
770 1373 1023 1435 consentaneum
1052 1373 1104 1435 est
1129 1369 1262 1434 Accium
1291 1392 1435 1455 quoqne

271 1480 425 1563 suasisse,
447 1484 559 1544 tamen
581 1478 613 1542 in
638 1477 750 1541 eadem
774 1482 811 1542 ut
829 1477 954 1542 conicio
973 1477 1027 1542 via
1045 1497 1254 1560 perseverans
1274 1475 1435 1542 Lucilius

270 1585 398 1650 denium
422 1589 534 1650 eontra
557 1584 623 1648 vim
647 1583 783 1648 inertiae
806 1587 934 1648 tantum
953 1584 1070 1668 valuit,
1093 1587 1213 1648 utnon
1233 1583 1433 1668 geminandi

271 1692 467 1758 consuetudo
500 1691 597 1775 plane
635 1691 832 1756 aboleretur:
869 1691 903 1754 in
935 1691 1019 1756 hanc
1057 1691 1142 1756 enim
1175 1693 1302 1775 partem
1329 1691 1433 1756 illud

271 1801 480 1884 interpretor,
508 1799 593 1883 quod
616 1821 681 1864 non
704 1801 780 1864 ante
804 1818 925 1861 annum
949 1798 1017 1862 640
1042 1801 1195 1863 constans
1224 1819 1294 1862 esse
1319 1799 1432 1881 gemi-

271 1907 362 1972 natio
387 1905 647 1990 deprehenditur.
691 1905 828 1969 Possum
851 1903 992 1970 eiusdem
1013 1904 1104 1969 Accii
1126 1903 1315 1969 auctoritati
1339 1905 1433 1971 alias

271 2012 427 2098 quasdam
451 2013 648 2077 mutationes
672 2012 833 2096 probabili
854 2011 1042 2077 coniectura
1060 2011 1215 2076 tribuere:
1239 2009 1332 2075 velut
1356 2035 1431 2078 non

272 2120 313 2190 ab
337 2119 415 2202 alio,
441 2119 506 2183 nisi
534 2119 643 2204 fallor,
675 2119 820 2202 profecta
843 2123 894 2184 cst
917 2117 1010 2194 QVM
1034 2117 1155 2194 QVRA
1182 2115 1325 2192 PEQVS
1349 2118 1430 2184 PE-

272 2224 413 2304 QVNIA
441 2224 699 2301 PEQVLATVS
731 2225 909 2309 scripturae
942 2224 975 2288 in
1008 2223 1074 2288 illis
1107 2225 1327 2289 monumentis
1359 2226 1431 2291 fre·

232 2355 259 2394 ss
274 2333 407 2418 quentia
431 2353 512 2416 quae
536 2332 684 2396 insecuta
708 2354 828 2412 annum
847 2331 912 2396 620
935 2335 1043 2396 aetate
1066 2332 1154 2396 facta
1177 2334 1259 2396 sunt.
1292 2329 1359 2396 Sed
1387 2333 1431 2398 de

272 2441 337 2524 his,
366 2463 438 2505 cum
461 2439 603 2504 breviter
625 2461 691 2504 non
714 2429 833 2524 possit,
863 2460 927 2503 non
951 2441 1059 2523 potest
1081 2437 1116 2502 in
1138 2437 1324 2520 praesentia
1347 2437 1431 2505 dici.

271 2547 380 2614 Vnum
403 2567 520 2631 operae
543 2546 684 2629 pretium
713 2548 763 2610 est
792 2567 956 2630 quaerere:
988 2567 1067 2609 num
1093 2566 1160 2609 non
1182 2545 1216 2608 in
1239 2543 1430 2628 scripturae

271 2659 410 2737 tantum,
433 2653 488 2718 sed
511 2652 606 2716 etiam
633 2653 666 2716 111
689 2652 867 2717 formarum
891 2651 1071 2716 mutatione
1094 2653 1188 2715 tanta
1209 2651 1257 2714 111
1281 2651 1366 2714 artis
1394 2657 1432 2718 et

271 2761 463 2844 disciplinae
486 2759 631 2823 efficacia
653 2758 753 2822 fnisse
777 2757 936 2842 rideatur,
959 2758 1035 2823 hinc
1058 2749 1096 2822 ut
1112 2755 1215 2841 ipsius
1234 2755 1321 2820 ritae
1341 2779 1429 2824 usus

271 2867 341 2950 regi
370 2866 515 2950 potuisse
543 2865 700 2929 credatur.
750 2863 841 2940 Quod
872 2865 927 2950 qui
958 2865 1163 2948 concesserit,
1194 2862 1332 2928 habebit
1367 2867 1429 2948 qui

272 2971 352 3036 illud
381 2993 450 3036 case
478 2971 600 3036 factum
629 2971 729 3054 dicat,
764 2971 849 3054 quod
876 2993 934 3054 per
961 2970 1093 3055 aliquod
1120 2975 1247 3054 tempus
1275 2970 1429 3036 abolitas

272 3077 423 3144 HANCE
452 3077 572 3142 fleon
606 3078 726 3141 formas
755 3076 937 3160 bisyllabas
966 3077 1069 3142 denuo
1093 3075 1251 3160 prodiisse
1279 3079 1313 3140 et
1335 3081 1428 3144 tam-

272 3207 370 3271 quam
394 3185 538 3270 erupisse
562 3185 646 3250 circa
670 3207 789 3249 annum
812 3185 877 3249 620
900 3206 1000 3267 supra
1022 3183 1170 3248 vidimus.
1201 3182 1275 3266 Ego
1297 3182 1332 3246 in
1358 3184 1427 3250 hac

161 3343 169 3358 .
273 3315 456 3377 quoquere
480 3291 571 3357 Accii
595 3289 751 3374 quasdam
779 3293 887 3374 partes
911 3289 1012 3354 fuisse
1041 3311 1100 3353 nec
1124 3287 1293 3353 affirmabo
1318 3293 1426 3356 confi-

273 3399 384 3464 denter
406 3421 464 3464 1111
487 3397 684 3483 pertinacius
707 3397 820 3482 negari
843 3396 958 3480 patiar.

360 3503 436 3570 Non
464 3505 658 3589 pertinuisse
693 3504 734 3569 ad
763 3505 777 3568 1
808 3504 953 3568 vocalem
981 3501 1167 3587 geminandi
1194 3523 1303 3584 usum,
1336 3505 1426 3568 satis

272 3613 475 3694 perspectum
500 3615 563 3676 est:
592 3611 647 3676 sed
674 3610 760 3675 idem
782 3614 906 3688 tamen,
933 3609 1081 3692 quamuis
1104 3609 1287 3674 tacentibus
1310 3629 1426 3694 gram·

274 3717 413 3800 rusticis,
444 3739 485 3781 ne
516 3717 557 3782 ad
591 3718 731 3802 reliquas
765 3716 894 3801 quidem
928 3737 1039 3781 omnes
1071 3715 1234 3800 pertinuit
1288 3713 1426 3800 Inspice

273 3824 421 3909 exempla
448 3845 545 3908 supra
572 3823 765 3908 composita:
794 3823 854 3886 ΑΑ
878 3821 937 3887 El]
961 3819 1023 3887 VV
1047 3822 1207 3886 vocalium
1230 3821 1318 3886 vides
1347 3845 1425 3889 esse

273 3932 399 4015 omnia,
426 3931 482 3997 00
513 3932 691 4015 scripturae
724 3931 819 4014 plane
851 3929 985 3994 nullum.
1032 3929 1129 3994 (luins
1162 3929 1207 3993 rei
1238 3929 1348 3994 nescio
1377 3953 1425 3997 an

272 4061 338 4102 non
365 4039 467 4102 lateat
494 4061 617 4102 caussa.
662 4035 738 4101 Dixi
771 4058 869 4119 supra
896 4035 934 4100 de
964 4035 1144 4100 tralaticiae
1172 4035 1204 4101 vi
1233 4037 1425 4122 memoriae,

273 4167 354 4229 quae
378 4149 472 4210 tanta
495 4145 557 4210 fuit
580 4149 630 4228 ut,
659 4166 732 4209 cum
759 4142 805 4208 nl
835 4142 933 4208 scribi
963 4142 1079 4208 Accius
1103 4142 1229 4208 iuberet
1255 4141 1424 4208 maiorum

274 4252 436 4336 exemplo,
468 4255 596 4335 praeter
624 4251 806 4333 exemplum
834 4249 993 4314 maiorum
1022 4248 1181 4333 geminari
1209 4252 1333 4314 ceterae
1363 4271 1423 4315 vo·

274 4357 369 4440 cales,
392 4357 472 4422 illud
495 4361 700 4441 permaneret
722 4357 914 4440 diutissime,
936 4355 998 4420 hoo
1020 4377 1080 4420 nec
1103 4355 1184 4420 satie
1203 4355 1423 4420 increbresce-

273 4467 323 4556 ret
341 4483 401 4528 nec
423 4463 620 4548 perduraret.
667 4463 789 4530 Verum
812 4462 899 4551 quod
921 4485 987 4529 non
1009 4462 1168 4528 maiorum
1190 4460 1245 4526 ille
1268 4462 1422 4546 exemplo
