3282 5076
574 377 829 426 connsururro
854 376 1007 424 urrunnu..
1290 353 1355 422 205

211 522 339 608 quidem
368 521 476 605 aptius
505 543 602 605 quam
626 521 658 585 in
677 519 871 604 Vespasiani
899 517 1070 602 imperium
1099 515 1138 579 de
1166 535 1229 597 quo
1253 510 1355 577 Oitta·

211 629 305 694 dinus
328 628 504 714 cogitabat.
541 626 745 713 antiquariis
769 626 968 692 autemillis
991 646 1057 688 non
1081 621 1203 706 optime
1227 641 1356 704 operam

212 735 404 800 successisse
432 735 483 800 vel
511 735 585 801 inde
609 736 711 801 conici
734 735 854 820 potuit,
887 733 971 818 quod
992 730 1131 798 omnino
1162 751 1234 794 cum
1257 727 1356 812 prisci

213 843 371 908 sermonis
408 847 478 908 tum
515 846 799 908 monumentorum
834 863 900 906 non
937 837 1058 904 chartis
1091 836 1356 921 consignatorum

212 972 332 1036 magna
358 951 392 1014 in
420 949 643 1034 grammaticis
667 947 793 1013 Latinis
821 952 853 1010 et
881 947 1003 1012 incuria
1031 949 1063 1008 et
1090 941 1269 1014 inscientia,
1288 941 1357 1006 fuit.

213 1057 326 1142 ltaque
349 1060 508 1122 noverant
531 1056 579 1120 illi
604 1075 681 1120 sane
705 1055 803 1138 primi
826 1053 941 1118 Punici
969 1051 1045 1117 belli
1072 1049 1271 1134 temporibus
1299 1051 1368 1114 nee

163 1173 169 1186 ⁸
214 1164 393 1248 aspiratum
417 1185 486 1228 esse
505 1185 564 1227 nec
583 1163 795 1248 geminatum:
818 1157 969 1225 causas
988 1158 1090 1243 igitur
1109 1157 1159 1221 vel
1179 1152 1357 1222 OLASEIS

214 1276 247 1336 εὴ
274 1269 430 1338 OLorOM
463 1274 495 1336 et
522 1269 668 1335 NVMEI
700 1271 889 1354 posuerunt,
921 1267 1000 1330 item
1030 1265 1140 1350 procul
1174 1263 1359 1328 habueruut

215 1375 450 1442 CARTHAGO
475 1376 675 1460 scripturam.
707 1373 783 1440 Non
806 1373 911 1459 magis
934 1395 989 1437 eos
1012 1371 1098 1456 fugit
1120 1373 1143 1436 d
1163 1371 1274 1435 littera
1295 1373 1359 1434 ter-

216 1486 358 1550 minatus
382 1485 560 1570 ablativus,
582 1487 734 1556 constans
757 1483 813 1548 ille
832 1505 869 1547 ac
888 1503 989 1566 prope
1010 1481 1145 1546 direrim
1164 1479 1261 1544 nimis
1285 1500 1358 1544 con-

213 1597 302 1658 stans
339 1594 374 1658 iu
404 1590 674 1675 pVONANDOD
710 1590 853 1656 MARID
891 1587 1172 1656 DICTATORED
1214 1586 1358 1652 ALTOD

213 1697 428 1766 NAVALED
451 1699 677 1782 PRAEDAD,
701 1699 828 1783 quando
847 1698 913 1762 iam
931 1697 965 1761 in
984 1696 1091 1781 elogio
1106 1693 1267 1779 Scipionis
1282 1694 1359 1760 Bar-

213 1807 282 1871 bati
311 1807 472 1871 variatum
502 1811 551 1870 est
574 1804 775 1871 GNAIVOD
791 1841 797 1853 ·
812 1803 967 1870 Purus.
1014 1802 1076 1868 Sed
1100 1803 1199 1868 etiam
1223 1823 1295 1866 eum
1320 1801 1358 1866 de

214 1912 239 1979 O
263 1914 368 1979 forma
387 1911 415 1978 G
436 1913 564 1976 litterae
585 1914 766 1999 antiquitus
785 1912 905 1977 vicaria
924 1909 1133 1994 accepissent,
1152 1908 1358 1974 ambitiosius
1374 1924 1407 1963 ιν

214 2043 284 2084 cam
308 2023 542 2105 perpetuarent
560 2021 593 2084 in
609 2018 801 2086 LECIONE
817 2055 824 2070 ·
840 2055 846 2068 ·
863 2055 868 2066 ·
883 2015 1176 2083 MAGISTRuTOS
1200 2014 1292 2082 MAG
1308 2051 1314 2063 ·
1329 2051 1336 2066 ·
1352 2051 1358 2064 ·

213 2125 466 2192 EXFOCIONT
479 2125 750 2210 pVCNANDOD
771 2123 1150 2204 OARTACINIENSI&
1164 2145 1358 2208 quamquam

214 2235 255 2299 ad
278 2235 367 2299 illam
392 2239 532 2301 aetatem
556 2235 589 2298 id
613 2254 713 2319 genus
730 2229 868 2299 'durasse
898 2233 988 2298 nullo
1013 2233 1205 2297 documento
1229 2231 1359 2316 probari
1409 2299 1419 2310 ,

214 2347 335 2427 potest,
363 2344 462 2408 immo
486 2345 596 2426 potest
617 2363 681 2407 non
706 2341 846 2405 durasse.
892 2339 967 2405 Non
996 2339 1143 2404 latebant
1170 2337 1359 2424 profectost

214 2453 248 2512 ot
270 2450 283 2513 ι’
304 2450 470 2514 vocalibus
494 2448 692 2532 antiquiores
716 2469 733 2510 o
757 2452 789 2510 et
812 2469 835 2511 c.
871 2445 985 2530 ltaque
1003 2445 1052 2510 illi
1071 2467 1136 2511 uon
1156 2468 1233 2510 sane
1252 2445 1359 2528 inepte

214 2552 376 2619 PRIMOS
408 2551 561 2618 OborOM
594 2551 771 2618 CAPTOM
802 2551 985 2616 orcoc'POM
1017 2551 1200 2635 POPLOm,
1232 2549 1359 2616 Exso-

214 2659 346 2728 OIONT
375 2681 499 2745 quoque
531 2659 565 2722 in
596 2659 761 2723 terminat
752 2681 824 2724 rone
857 2680 1013 2724 casusu
979 2657 1029 2742 (ut
1057 2656 1359 2752 OOSENTIONT):

213 2769 293 2834 item
316 2765 499 2832 EXEMET
522 2763 663 2830 CEPET
686 2763 908 2848 ORNAVE'P,
932 2787 1128 2850 quamquam
1151 2765 1230 2830 haec
1250 2765 1359 2849 paullo

213 2880 324 2940 tamen
348 2873 503 2958 cupidius,
527 2893 599 2938 oum
622 2869 782 2937 OEPIT
773 2895 839 2938 ram
858 2873 891 2936 in
910 2873 952 2937 tit
938 2873 1006 2937 tulo
1026 2872 1086 2936 filii
1105 2871 1240 2937 Barbati
1259 2872 1359 2936 semel

215 2982 371 3066 scriptum
391 2981 446 3062 sit,
470 2983 656 3045 constanter
675 2983 784 3044 autem
804 2978 905 3044 FVIT
930 2978 1065 3063 ΟΕΡΙΤ,
1088 2980 1167 3044 item
1186 2977 1358 3044 SVBIGIT

215 3085 438 3153 ABDOVCIT
461 3088 494 3152 in
517 3087 619 3172 ipsius
643 3087 740 3152 titulo
759 3086 904 3150 Barbati.
942 3083 1045 3150 Obliti
1070 3091 1146 3151 sunt
1168 3086 1267 3149 etiam
1281 3084 1359 3150 ΜΑ-

216 3191 355 3260 GESTR
455 3193 622 3258 asciscere:
660 3215 722 3276 quo
760 3195 933 3276 potuerant
968 3191 1106 3257 fumasse
1144 3189 1359 3256 CARTAOE·

216 3297 392 3365 NluNSlS
417 3300 546 3365 addere:
570 3303 683 3364 contra
706 3299 815 3384 gravis
839 3299 1000 3364 dubitatio
1025 3300 1137 3378 oritur,
1159 3321 1237 3365 num
1256 3300 1306 3364 vel
1328 3301 1360 3364 iu

216 3405 324 3471 media
347 3407 449 3490 stirpe
470 3403 722 3471 EXFOCIONT
747 3407 894 3471 vocabuli
925 3405 975 3470 vel
999 3407 1033 3470 in
1056 3405 1261 3471 NAVEBOS
1284 3427 1360 3471 casu

217 3512 327 3598 (quem
342 3510 721 3578 raupasrurussvs
745 3511 885 3597 elogium
905 3512 963 3576 filii
978 3511 1114 3576 Barbati
1134 3511 1238 3598 effert)
1261 3512 1360 3578 etiam

216 3624 287 3686 tum
315 3643 332 3684 o
359 3621 502 3685 litteram
536 3625 626 3685 aetas
659 3619 718 3684 illa
746 3619 908 3703 probarit,
941 3618 1082 3704 itemque
1109 3641 1125 3684 c
1151 3621 1294 3685 litteram
1327 3620 1361 3684 in

216 3725 369 3803 ENQVE
398 3750 427 3791 v.
451 3727 485 3810 5,
517 3747 577 3810 pro
610 3747 674 3810 qua
701 3725 749 3790 illi
780 3747 890 3791 rursus
922 3723 1117 3791 lNALTOD
1147 3750 1174 3792 v.
1195 3728 1244 3792 10.
1299 3724 1359 3790 Sed
1451 3804 1453 3808 .

216 3834 297 3900 haec
320 3837 357 3898 ut
379 3834 557 3919 largiamur
580 3834 724 3918 potuisse
747 3837 857 3898 tamen
877 3833 924 3898 ita
942 3834 1028 3918 fieri,
1050 3837 1085 3898 ut
1103 3831 1276 3918 quod'fieri
1295 3831 1361 3894 ullo

218 3941 314 4006 ruodo
338 3941 487 4006 debuisse
510 3962 678 4027 negamus,
701 3941 763 4006 boc
787 3946 850 4025 est,
880 3941 965 4026 quod
989 3943 1057 4006 v.3
1080 3962 1097 4004 o
1120 3940 1241 4005 vocalis
1264 3937 1360 4002 etiarn

217 4049 252 4112 in
283 4043 586 4112 MAGISTRATOS
618 4048 756 4110 sormam
790 4051 925 4132 quartae
959 4047 1184 4112 declinationis
1216 4044 1362 4108 immissa

218 4157 280 4218 est:
314 4154 346 4218 id
380 4155 465 4219 euim
497 4157 534 4216 ut
567 4153 690 4218 ratione
723 4176 855 4236 prorsus
891 4153 1090 4236 destituitur,
1127 4153 1174 4217 ita
1202 4174 1221 4216 a
1249 4153 1362 4236 quavis

219 4264 326 4326 aetate
349 4261 478 4344 liuguae
507 4258 661 4323 abhorret
688 4259 916 4344 scriptorisque
948 4259 1144 4343 imperitiam
1172 4263 1362 4344 argumento

219 4367 316 4452 louge
335 4365 576 4432 evidentissimo
596 4364 713 4448 prodit.
745 4364 813 4430 Nec
832 4367 936 4449 magis
957 4388 1029 4430 cum
1054 4363 1231 4430 ·-·VMAS
1255 4387 1362 4449 supcr-

218 4475 319 4538 lativo
348 4475 415 4538 v.8
445 4473 560 4537 sociari
590 4469 780 4536 maximos
809 4471 915 4536 forrua
945 4473 1011 4536 v.3
1040 4473 1160 4557 potuit,
1193 4473 1294 4536 multo
1326 4495 1364 4534 ca
