3166 5084
510 366 731 414 serumserum
755 336 1028 416 umcrrefflcun.
1319 357 1337 420 7

180 509 400 593 neglegenter
433 509 485 574 vel
517 509 666 593 imperite
700 511 780 596 egit,
811 515 849 576 ut
880 512 1020 597 pessime
1054 513 1082 577 ei
1113 535 1164 578 res
1197 515 1338 581 cesserit.

181 616 272 681 Nam
297 621 370 681 tum
394 617 428 681 in
452 617 678 702 coniungenda
696 617 799 683 Zotici
818 623 851 683 ct
870 617 992 684 Sulliae
1015 642 1087 685 cum
1107 619 1209 686 Iuliae
1228 621 1337 686 Tatia-

183 747 249 790 nae
274 724 443 807 memoria,
465 727 534 789 tum
556 725 591 789 in
614 725 745 790 hortulo
769 729 866 810 atque
890 727 993 792 multa
1012 727 1201 813 diligentius
1221 726 1338 794 descri-

182 832 304 897 bendis
333 831 413 896 adeo
437 831 567 896 miscuit
590 832 718 896 diversa
742 837 775 896 et
798 837 887 898 recta
910 833 1068 918 turbavit,
1092 859 1113 900 u
1152 835 1207 920 qui
1230 857 1363 904 emen-r

185 941 267 1004 dare
284 937 500 1002 Muratoriani
523 937 610 1002 illius
633 937 721 1002 tituli
738 939 900 1022 turpicula
917 940 997 1005 vitia
1016 941 1181 1027 suscipiat,
1205 963 1336 1026 operam

184 1045 313 1131 perdat.
358 1043 480 1128 Facile,
504 1044 580 1129 quid
608 1045 659 1109 vel
688 1044 752 1110 sibi
780 1045 919 1111 voluerit
942 1047 992 1112 vel
1016 1049 1156 1114 scribere
1180 1048 1337 1128 debuerit,

185 1155 339 1238 apparet:
362 1151 400 1216 P.
422 1150 543 1216 Sollius
565 1151 690 1217 Zoticus
711 1157 741 1216 et
761 1151 866 1218 Snllr'o
889 1153 967 1219 Ntoe
988 1155 1047 1220 sebi
1069 1156 1132 1221 vivi
1151 1155 1287 1236 fecerant
1309 1161 1338 1220 et

184 1259 266 1341 filiis
298 1263 327 1323 et
362 1259 478 1324 lebertis
514 1258 736 1342 libertobnsqne
767 1261 955 1344 posnrnqe
990 1283 1103 1327 mrum.
1157 1261 1203 1326 Et
1233 1261 1337 1327 Inle‘cn

188 1367 344 1431 Tationac
364 1365 487 1449 eoniuqt
508 1371 537 1431 et
559 1366 675 1431 lebertis
698 1366 918 1450 retentosque
935 1369 1123 1451 posterisque
1140 1390 1245 1434 conane
1263 1368 1333 1434 Snl-

186 1475 250 1538 lins
272 1472 446 1556 Stephanus
472 1477 502 1538 et
528 1473 643 1538 zooras
670 1473 770 1538 bntns.
816 1473 854 1540 St
880 1476 950 1557 qais
971 1477 1147 1559 eonttqnnm
1168 1475 1335 1556 bortrdnon,

184 1581 323 1645 ermon-ta
345 1580 429 1644 cluso
451 1581 494 1644 od
514 1579 678 1644 cr'sternom
691 1581 903 1665 pertinentem,
926 1583 1054 1648 oolnent
1071 1584 1186 1649 donoro
1203 1583 1249 1648 oet
1266 1603 1334 1648 oen-

183 1689 265 1772 dere,
287 1691 354 1750 tnnr
375 1686 487 1766 inferet
505 1706 624 1768 poenae
645 1688 769 1752 nomine
795 1689 1020 1773 quinquaqinta
1048 1691 1150 1756 melleo
1171 1712 1334 1756 nommant

184 1815 278 1859 orcae
297 1795 480 1876 pontificum
506 1797 535 1858 et
560 1795 732 1877 oirqtnrbos
759 1793 988 1882 (Vestalibus.)
1035 1797 1074 1864 In
1096 1798 1148 1863 his
1178 1819 1243 1864 una
1265 1801 1335 1864 tan-

183 1905 256 1966 tum
285 1907 336 1966 est
362 1923 439 1966 vera
466 1901 639 1982 correcti0,
670 1899 825 1966 EORVM
853 1924 881 1967 v.
908 1905 930 1968 4
959 1904 1113 1988 scriptum
1142 1927 1201 1989 pro
1224 1902 1334 1970 EIVS.

183 2007 272 2073 Nam
294 2030 353 2073 nec
376 2008 498 2074 usitata
522 2029 599 2072 sane
622 2029 682 2072 nec
705 2008 809 2093 proba
830 2008 910 2074 haec
933 2010 1053 2076 locutio
1077 2016 1139 2076 est:
1167 2017 1196 2078 et
1218 2011 1333 2077 libertis

184 2115 350 2182 libertabus
366 2115 555 2197 posterisque
572 2116 665 2199 eins,
689 2137 762 2180 cum
780 2137 840 2180 uec
858 2115 1015 2184 Tatianee
1034 2119 1157 2202 posteri
1176 2119 1334 2204 dicantur,

184 2223 242 2308 qui
263 2221 493 2306 praemittendi
511 2221 637 2286 libertis
655 2221 794 2306 fuerant,
817 2243 877 2288 nec
896 2227 981 2288 recte
1001 2225 1124 2308 posteri
1143 2225 1335 2308 simpliciter
1412 2303 1414 2308 ,

182 2331 333 2395 dicautur
346 2351 405 2413 pro
419 2328 610 2393 libertorum
624 2329 774 2412 posteris.
799 2328 838 2394 V.
853 2334 962 2396 autem
977 2331 998 2396 5
1012 2331 1086 2396 ΕΤ·
1098 2331 1169 2396 LIB
1180 2366 1187 2381 ·
1198 2331 1334 2397 HVIVS

182 2437 219 2520 (i.
243 2457 270 2500 e.
294 2432 466 2520 Stephani)
490 2435 637 2501 consulto
662 2440 875 2502 accesserunt.
908 2437 1071 2503 ALLIAE
1095 2461 1124 2502 v.
1147 2439 1168 2503 3
1192 2442 1333 2503 erratum

181 2543 338 2628 (fortasse
360 2545 471 2606 tamen
493 2543 534 2607 ab
557 2543 629 2626 ipso
653 2540 776 2630 Donio)
799 2565 859 2628 pro
882 2543 1051 2628 IVLIAE,
1075 2546 1160 2629 quod
1183 2545 1333 2630 deinceps

181 2650 339 2733 iteratnr3
369 2651 491 2712 temere
520 2648 681 2714 adiectum
709 2650 744 2716 in
771 2651 835 2714 tine
863 2671 892 2714 v.
919 2651 941 2714 4
964 2648 1031 2733 ΕΤ,
1054 2651 1089 2714 in
1112 2673 1175 2736 quo
1198 2651 1333 2717 falletur

181 2757 241 2841 qui
264 2754 422 2841 Stephani
445 2775 642 2838 praenomen
664 2756 765 2820 latere
789 2756 981 2840 suspicetur.
1022 2756 1131 2823 Semet
1155 2757 1240 2822 enim
1263 2758 1332 2842 ipse

180 2863 325 2930 correxit
352 2862 595 2946 marmorarius,
624 2863 679 2947 qui
709 2863 750 2928 ab
778 2863 873 2928 initio
902 2867 972 2928 tum
996 2865 1152 2930 omiserat
1174 2865 1332 2930 Tatiauae

179 2991 301 3034 nomen
323 2973 393 3033 tum
416 2971 643 3036 coniuncturus
663 2973 734 3033 erat
752 2965 910 3053 Stephani
929 2991 1002 3034 eum
1021 2969 1178 3036 Tatianae
1196 2971 1332 3040 libertis.

179 3074 297 3160 Neque
331 3074 418 3139 enim
444 3074 499 3140 an
528 3075 559 3144 h.
583 3097 610 3140 e.
632 3073 744 3141 Fron
770 3076 872 3140 ausim
901 3099 939 3142 er
967 3077 1024 3142 illo
1048 3077 1105 3142 ET
1135 3099 1262 3162 eruere,
1291 3079 1331 3143 si·

181 3181 316 3266 quidem
347 3182 477 3267 coniugi
509 3181 641 3247 dicabat
672 3184 811 3266 tantum,
841 3205 907 3248 non
939 3181 1015 3248 fecit
1045 3205 1104 3247 nec
1137 3188 1174 3248 ut
1206 3185 1332 3250 videtur

179 3289 297 3354 refecit
321 3290 511 3373 sepulcrum.
544 3291 620 3355 Alio
644 3290 741 3356 modo
765 3311 1036 3374 supervacaneam
1058 3289 1116 3355 ΕΤ
1138 3290 1331 3374 particulam

179 3395 333 3462 Maffeius
357 3396 499 3480 expediit
520 3396 603 3462 Mus.
626 3395 745 3462 Veron.
772 3396 844 3476 152,
863 3397 892 3462 3.
924 3396 963 3461 In
981 3393 1105 3478 ETIN
1123 3395 1242 3460 litteris
1262 3419 1291 3462 v.
1310 3398 1332 3462 5

180 3524 377 3589 cognoscere
396 3503 491 3568 uobis
506 3503 653 3568 videmur
666 3501 742 3566 ITA
755 3501 827 3588 NE,
846 3527 865 3568 a
884 3504 1000 3589 quibus
1014 3503 1182 3588 perticalis
1198 3525 1331 3570 exorsus

179 3633 258 3676 mox
276 3609 391 3676 incidit
409 3610 443 3673 in
462 3609 601 3674 alteram
622 3611 893 3675 constructionem
913 3631 995 3694 quae
1014 3610 1052 3674 Iit
1070 3608 1109 3675 SI
1130 3609 1228 3686 QVIS
1247 3613 1330 3676 voci-

178 3719 253 3800 bus,
279 3719 314 3780 et
335 3720 505 3800 utramque
529 3715 646 3779 misere
670 3715 809 3780 miscuit.
842 3716 979 3800 Reliqua
1001 3738 1081 3801 quae
1102 3718 1249 3798 peccavit
1272 3741 1331 3784 sua

178 3828 298 3910 sponte
317 3827 445 3908 patent:
465 3824 551 3887 recte
570 3824 678 3886 antem
697 3845 731 3888 se
749 3821 850 3888 habet
863 3821 1062 3888 MAOERIA
1077 3821 1226 3908 OLVSA,
1245 3825 1330 3908 quod

175 3955 218 3998 ne
234 3929 487 3998 convertendum
505 3929 540 3992 in
554 3925 758 4014 CLVSV(M)
772 3930 904 4013 putetis,
918 3952 1085 3997 monemus
1099 3929 1330 3999 Fabrettianae

173 4039 236 4124 111,
257 4037 339 4103 238:
357 4037 492 4102 mooen'o
510 4037 552 4100 in¹
563 4036 691 4100 cirnoltn
710 4036 803 4119 olnso,
822 4040 855 4100 et
869 4035 958 4102 Grut.
979 4038 1052 4118 756,
1070 4040 1105 4102 4:
1124 4040 1258 4102 moceria
1271 4041 1329 4103 cir·

172 4147 336 4213 eumden.
381 4141 432 4206 Ne
455 4143 535 4208 illud
559 4142 688 4227 quidem
711 4147 879 4226 peccatum
899 4165 918 4208 a
936 4143 1077 4227 lapicida
1095 4147 1154 4229 est,
1176 4146 1238 4210 etsi
1257 4167 1328 4230 pec-

171 4258 290 4321 catum
309 4249 345 4314 in
363 4247 569 4333 latinitatem,
593 4250 678 4334 quod
702 4275 730 4316 v.
750 4253 771 4316 2
790 4251 910 4336 legitur
928 4249 979 4316 SE
999 4249 1092 4315 VIBI
1112 4252 1141 4317 h.
1165 4273 1192 4317 e.
1209 4273 1241 4318 so
1258 4255 1329 4319 cici.

166 4361 263 4432 Nam
284 4379 360 4422 cum
378 4355 530 4438 frequens
550 4358 641 4422 sitin
655 4359 759 4424 titulis
775 4359 853 4424 haec
867 4358 1002 4424 locutio:
1021 4356 1156 4424 VIVVS
1170 4393 1177 4408 ·
1192 4357 1329 4444 FECIT,

168 4466 275 4540 VIVI
300 4498 308 4514 ·
333 4459 615 4550 POSVERVNT,
657 4487 721 4550 quo
759 4469 909 4550 spectant
940 4465 1130 4550 compendia
1167 4465 1328 4532 scribendi
