3116 5066
493 413 643 460 uruvnvs
668 412 885 460 uvuurouvs.
1195 395 1258 460 105

136 553 318 641 Quapropter
340 556 423 620 mihi
448 555 533 621 aliud
557 556 743 622 delitescere
767 555 801 619 in
825 555 891 620 illis
911 555 1093 620 litterarum
1113 554 1258 639 reliquiis

134 661 226 726 risum
252 666 310 748 est,
343 662 405 727 hoc
428 662 557 748 quidem
580 661 716 732 NANO:
748 685 812 748 quo
832 662 984 728 eximiam
1008 661 1258 728 concinnitatem

134 769 292 834 sententiae
314 769 546 834 nanciscimur:

163 873 215 940 Ne
235 874 438 959 quairatis,
461 875 657 964 hondre(s)
678 915 696 924 -
721 875 811 962 quei
832 878 960 942 minuis
985 876 1040 941 sit
1062 878 1224 942 nanclars

133 981 162 1048 h.
181 1005 205 1047 e.
230 983 384 1068 quomodo
412 983 535 1048 factum
564 986 608 1050 sit
635 989 672 1048 ut
698 985 838 1050 honores
871 983 977 1052 minus
1005 983 1258 1050 nancisceretur:

133 1089 236 1173 quippe
262 1091 315 1175 qui
347 1089 410 1154 XX
429 1113 530 1156 annos
558 1095 654 1156 natus
682 1096 821 1156 mortem
849 1089 976 1155 obierit.
1020 1089 1149 1174 Arguta
1174 1091 1259 1154 enim

134 1196 276 1280 oppositio
293 1195 376 1261 haec
393 1196 445 1260 fit:
464 1197 519 1280 qui
538 1197 606 1262 siue
623 1197 801 1262 honoribus
815 1197 906 1281 vixit,
923 1217 989 1261 non
1007 1197 1112 1262 caruit
1123 1197 1259 1262 honore:

131 1299 160 1364 id
181 1303 258 1367 enim
278 1289 396 1387 ipsuin,
418 1301 574 1368 honorem
598 1304 628 1368 ei
650 1326 716 1368 uon
739 1303 894 1387 defuisse,
918 1303 1137 1387 superioribus
1160 1304 1257 1368 versi-

134 1406 186 1472 bus
207 1409 319 1474 dietum
344 1413 423 1492 erat,
447 1410 590 1493 quinon
614 1411 709 1475 aliter
733 1415 829 1496 atque
854 1409 900 1474 sic
924 1410 1102 1495 accipiendi
1125 1415 1214 1476 sunt:

172 1513 301 1589 Quoier'
320 1515 404 1580 uitat
429 1516 587 1602 defecit,
605 1555 622 1566 -
643 1521 717 1583 ndu
741 1518 879 1601 honde,
902 1516 1047 1582 hundre

170 1620 204 1685 ls
225 1620 282 1688 hic
304 1623 422 1689 sitris:
447 1624 534 1709 quei
556 1631 750 1710 nunquam
771 1663 787 1672 -
805 1621 933 1691 uictus
957 1626 1017 1690 eso
1039 1623 1206 1690 uirtutei

132 1721 207 1808 (eam
236 1730 316 1794 eninr
343 1753 528 1796 mensuram
557 1731 637 1796 olim
665 1731 894 1818 defendemus).
941 1731 1042 1808 Quem
1070 1731 1125 1815 qui
1147 1749 1262 1796 versos

133 1830 202 1898 item
223 1835 309 1901 lacer
326 1837 448 1922 excipit
470 1835 617 1902 ANNOS
633 1874 638 1885 ·
655 1837 918 1904 GNATVS·XX
929 1874 935 1886 ·
947 1837 986 1904 IS
1004 1837 1015 1921 ΙΙ
1032 1836 1058 1902 L
1074 1887 1259 1902 .........

133 1935 270 2023 DATVS,
297 1965 370 2008 eum
399 1943 602 2027 pravissimis
631 1945 862 2029 supplementis
890 1948 1060 2010 tentarunt
1082 1943 1196 2010 Lause
1217 1950 1261 2009 est

132 2045 335 2114 maonsuvs
360 2049 411 2114 vel
434 2049 593 2116 huodabes
615 2056 659 2116 est
679 2049 913 2116 manDATVS:
937 2051 1053 2135 quibus
1076 2051 1172 2135 longe
1190 2050 1259 2114 feli·

135 2149 192 2216 cior
207 2152 385 2222 Ludouicus
408 2155 548 2221 Lanzius
572 2156 694 2222 Terreis
716 2163 760 2222 est
786 2155 1007 2222 mooDATVS
1031 2155 1260 2222 commendans

134 2255 168 2320 ad
187 2258 285 2343 ipsam
317 2265 428 2328 tamen
451 2265 622 2328 veritatem
649 2285 715 2328 non
742 2264 930 2347 penetravit.
976 2261 1059 2328 Nam
1088 2260 1157 2328 uls
1183 2285 1260 2328 sane

133 2359 297 2432 litterarum
320 2371 519 2454 superiorem
542 2373 668 2454 partem
692 2371 726 2434 in
749 2369 858 2454 lapide
881 2370 1032 2454 religiose
1056 2371 1136 2434 meis
1159 2370 1260 2454 preci-

133 2465 182 2534 bus
212 2476 392 2541 examinato
430 2475 639 2560 superstitem
676 2498 746 2541 esse
783 2475 942 2541 Henricus
974 2475 1137 2541 Brunnius
1170 2497 1260 2540 meus

133 2571 259 2663 locuples
287 2584 382 2648 testis
411 2587 462 2648 est
489 2605 561 2648 cunr
590 2581 757 2667 Henzeno,
787 2583 842 2647 sed
867 2581 1001 2646 duarum
1023 2586 1151 2646 tentum
1173 2583 1260 2646 litte-

134 2701 227 2752 reruur
263 2690 435 2756 intervallo
473 2713 493 2754 a
530 2691 638 2775 prima
670 2691 782 2756 littera
814 2690 1003 2754 distantem:
1035 2689 1119 2754 banc
1152 2692 1260 2753 autem

133 2783 223 2868 ipsam
243 2797 331 2892 nullo
355 2797 451 2862 modo
475 2798 526 2861 uel
549 2797 576 2862 T
599 2797 650 2862 vel
668 2797 821 2880 Efuisse,
844 2795 870 2862 L
889 2795 1039 2860 mutilam
1062 2801 1165 2879 posse'
1177 2817 1260 2860 esse:

135 2913 150 2954 8
169 2918 225 2981 qua
246 2905 355 2968 maren
377 2903 479 2968 ullum
497 2904 560 2970 huc
584 2905 777 2970 conueniens
796 2903 989 2969 vocabulum
1008 2903 1148 2987 incipere
1167 2923 1262 2986 nego.

135 2997 196 3068 Vna
216 3010 281 3076 sola
305 3033 345 3076 ex
369 3011 519 3076 omnibus
548 3012 660 3076 littera
682 3014 785 3076 restat
808 3033 890 3095 quae
914 3013 1043 3094 praeter
1065 3008 1092 3074 L
1114 3009 1148 3074 in
1171 3009 1261 3074 Pira-

134 3111 193 3176 uesi
214 3117 393 3202 exemplum
421 3139 554 3201 prorsus
584 3119 733 3203 quadret,
760 3140 842 3203 quae
866 3120 916 3182 est
938 3117 981 3200 D,
1008 3138 1074 3180 non
1099 3115 1203 3199 qualis
1228 3114 1262 3178 in

135 3207 299 3287 POSIDET
323 3227 457 3288 exarata
480 3229 543 3308 est,
571 3225 626 3289 sed
655 3225 758 3309 qualis
782 3225 818 3288 iu
840 3221 1029 3288 DEFECIT
1053 3225 1087 3286 et
1108 3220 1261 3286 DATVS.

136 3315 193 3391 Qua
217 3329 317 3395 ascite
345 3329 412 3394 suis
441 3335 478 3395 ut
505 3333 584 3414 puto
616 3333 759 3396 numeris
788 3331 973 3397 absolutum
1002 3328 1262 3413 supplementum

135 3419 185 3490 hoc
204 3435 310 3515 prodit
332 3434 508 3505 DITEIET·
532 3433 791 3503 haseDATVS:

214 3539 346 3607 Annos
369 3547 515 3628 gnatus
539 3542 763 3629 uiginti-is
786 3541 936 3608 Diter‘st
959 3541 1163 3608 manditus

135 3654 248 3715 prorsus
275 3651 313 3712 nt
335 3647 442 3714 Nunc
471 3649 562 3715 data
590 3673 670 3716 sum
699 3651 784 3716 Diti
811 3651 967 3734 longum
994 3669 1174 3714 mansure
1196 3669 1262 3731 per

135 3763 225 3817 aeum
248 3752 370 3818 dictum
394 3756 501 3820 estin
524 3755 672 3822 distichis
695 3755 916 3822 Beneventani
940 3755 1059 3840 lapidis
1083 3777 1103 3819 a
1125 3754 1261 3821 Momm·

136 3867 199 3920 senc
229 3859 402 3943 publicatis
437 3861 470 3926 in
497 3859 588 3927 Diar.
615 3862 694 3928 lust.
727 3885 755 3926 a.
793 3863 876 3927 1847
909 3884 940 3947 p.
968 3862 1011 3926 24
1044 3864 1077 3925 et
1103 3858 1262 3924 Gerhardi

136 3949 209 4028 Diae.
230 3967 388 4032 ercheeol.
412 3989 439 4032 a
465 3970 550 4034 1846
574 3991 604 4053 p.
628 3971 693 4036 334
718 3969 756 4050 [l.
777 3969 819 4034 N.
841 3992 873 4033 n.
899 3969 1009 4050 1623}

211 4072 259 4138 Ad
273 4073 308 4139 L.
328 4074 521 4140 Mummium
540 4081 575 4142 ut
588 4076 726 4158 redeam,
746 4077 806 4140 etsi
826 4075 1064 4142 eoncedendum
1084 4077 1134 4139 est
1147 4095 1262 4156 parum

138 4167 235 4256 dignos
262 4181 350 4245 illius
374 4181 569 4246 liberalitate
593 4182 869 4267 dedicationisque
897 4181 1141 4266 opportunitate
1165 4181 1261 4244 versi·

138 4277 212 4346 culos
233 4308 319 4372 esse,
342 4293 451 4354 tamen
476 4291 629 4374 quoniam
652 4289 753 4354 simili
774 4289 906 4356 nomine
930 4289 1014 4353 alius
1037 4289 1131 4352 emtor
1154 4287 1261 4352 nullus

137 4377 328 4478 inpromptu
352 4399 414 4479 est,
442 4397 489 4462 sic
517 4417 585 4461 esse
614 4397 819 4462 statuendum
843 4396 977 4478 videtur,
1000 4398 1037 4459 ut
1059 4394 1100 4460 ad
1124 4395 1261 4478 praedae

138 4481 252 4564 bellicae
284 4501 453 4568 commode
485 4501 703 4566 divendendae
737 4501 968 4588 cogitationem
1001 4503 1124 4585 eopendi
1152 4501 1261 4578 dissol-
