<?xml version="1.0" encoding="UTF-8"?>
<!DOCTYPE html PUBLIC "-//W3C//DTD XHTML 1.0 Transitional//EN"
    "http://www.w3.org/TR/xhtml1/DTD/xhtml1-transitional.dtd">
<html xmlns="http://www.w3.org/1999/xhtml" xml:lang="en" lang="en">
 <head>
  <title>
</title>
<meta http-equiv="Content-Type" content="text/html;charset=utf-8" />
  <meta name='ocr-system' content='tesseract 3.04.00' />
  <meta name='ocr-capabilities' content='ocr_page ocr_carea ocr_par ocr_line ocrx_word'/>
</head>
<body>
  <div class='ocr_page' id='page_1' title='image "./fridericiritsch08wachgoog/fridericiritsch08wachgoog_0059.png"; bbox 0 0 3166 5084; ppageno 0'>
   <div class='ocr_carea' id='block_1_1' title="bbox 244 387 1125 460">
    <p class='ocr_par' dir='ltr' id='par_1_1' title="bbox 244 387 1125 460">
     <span class='ocr_line' id='line_1_1' title="bbox 244 387 1125 460; baseline 0.009 -8"><span class='ocrx_word' id='word_1_1' title='bbox 244 387 287 452; x_wconf 84' lang='lat'><strong>36</strong></span> <span class='ocrx_word' id='word_1_2' title='bbox 511 408 614 458; x_wconf 83' lang='lat' dir='ltr'><strong>naurs</strong></span> <span class='ocrx_word' id='word_1_3' title='bbox 637 410 790 458; x_wconf 73' lang='lat' dir='ltr'><strong>evaeus</strong></span> <span class='ocrx_word' id='word_1_4' title='bbox 814 411 898 459; x_wconf 78' lang='lat' dir='ltr'><strong>esus</strong></span> <span class='ocrx_word' id='word_1_5' title='bbox 922 411 1125 460; x_wconf 79' lang='lat' dir='ltr'><strong>svruusrss.</strong></span> 
     </span>
    </p>
   </div>
   <div class='ocr_carea' id='block_1_2' title="bbox 234 546 1391 2030">
    <p class='ocr_par' dir='ltr' id='par_1_2' title="bbox 234 546 1391 1474">
     <span class='ocr_line' id='line_1_2' title="bbox 244 546 1390 638; baseline 0.007 -27"><span class='ocrx_word' id='word_1_6' title='bbox 244 546 514 633; x_wconf 87' lang='lat' dir='ltr'><strong>interpretatione</strong></span> <span class='ocrx_word' id='word_1_7' title='bbox 537 557 667 638; x_wconf 89' lang='lat' dir='ltr'><strong>praeter</strong></span> <span class='ocrx_word' id='word_1_8' title='bbox 689 553 778 638; x_wconf 87' lang='lat' dir='ltr'><strong>ipsos</strong></span> <span class='ocrx_word' id='word_1_9' title='bbox 802 553 941 620; x_wconf 88' lang='lat' dir='ltr'><strong>editores</strong></span> <span class='ocrx_word' id='word_1_10' title='bbox 964 555 1046 620; x_wconf 89' lang='lat' dir='ltr'><strong>bene</strong></span> <span class='ocrx_word' id='word_1_11' title='bbox 1070 557 1263 619; x_wconf 87' lang='lat' dir='ltr'><strong>meruerunt.</strong></span> <span class='ocrx_word' id='word_1_12' title='bbox 1296 553 1390 630; x_wconf 79' lang='lat' dir='ltr'><strong>Quod</strong></span> 
     </span>
     <span class='ocr_line' id='line_1_3' title="bbox 242 660 1391 748; baseline 0.006 -29"><span class='ocrx_word' id='word_1_13' title='bbox 242 675 343 738; x_wconf 87' lang='lat' dir='ltr'><strong>genus</strong></span> <span class='ocrx_word' id='word_1_14' title='bbox 368 679 465 742; x_wconf 92' lang='lat' dir='ltr'><strong>quam</strong></span> <span class='ocrx_word' id='word_1_15' title='bbox 496 661 581 727; x_wconf 90' lang='lat' dir='ltr'><strong>solet</strong></span> <span class='ocrx_word' id='word_1_16' title='bbox 603 684 622 726; x_wconf 91' lang='lat' dir='ltr'><strong>a</strong></span> <span class='ocrx_word' id='word_1_17' title='bbox 645 660 886 748; x_wconf 84' lang='lat' dir='ltr'><strong>philologorum</strong></span> <span class='ocrx_word' id='word_1_18' title='bbox 914 661 1022 728; x_wconf 89' lang='lat' dir='ltr'><strong>indole</strong></span> <span class='ocrx_word' id='word_1_19' title='bbox 1047 667 1080 728; x_wconf 90' lang='lat' dir='ltr'><strong>et</strong></span> <span class='ocrx_word' id='word_1_20' title='bbox 1103 661 1289 728; x_wconf 89' lang='lat' dir='ltr'><strong>condicione</strong></span> <span class='ocrx_word' id='word_1_21' title='bbox 1313 662 1391 726; x_wconf 88' lang='lat' dir='ltr'><strong>alie-</strong></span> 
     </span>
     <span class='ocr_line' id='line_1_4' title="bbox 241 767 1390 848; baseline 0.007 -22"><span class='ocrx_word' id='word_1_22' title='bbox 241 782 319 826; x_wconf 92' lang='lat' dir='ltr'><strong>num</strong></span> <span class='ocrx_word' id='word_1_23' title='bbox 343 785 427 848; x_wconf 90' lang='lat' dir='ltr'><strong>esse,</strong></span> <span class='ocrx_word' id='word_1_24' title='bbox 454 767 523 829; x_wconf 87' lang='lat' dir='ltr'><strong>tam</strong></span> <span class='ocrx_word' id='word_1_25' title='bbox 551 767 758 832; x_wconf 91' lang='lat' dir='ltr'><strong>coniunctum</strong></span> <span class='ocrx_word' id='word_1_26' title='bbox 787 789 859 832; x_wconf 91' lang='lat' dir='ltr'><strong>cum</strong></span> <span class='ocrx_word' id='word_1_27' title='bbox 882 767 999 832; x_wconf 87' lang='lat' dir='ltr'><strong>horum</strong></span> <span class='ocrx_word' id='word_1_28' title='bbox 1030 767 1137 834; x_wconf 85' lang='lat' dir='ltr'><strong>officio</strong></span> <span class='ocrx_word' id='word_1_29' title='bbox 1166 769 1248 835; x_wconf 93' lang='lat' dir='ltr'><strong>illud</strong></span> <span class='ocrx_word' id='word_1_30' title='bbox 1271 791 1390 834; x_wconf 89' lang='lat' dir='ltr'><strong>munus</strong></span> 
     </span>
     <span class='ocr_line' id='line_1_5' title="bbox 242 871 1388 959; baseline 0.005 -27"><span class='ocrx_word' id='word_1_31' title='bbox 242 871 399 955; x_wconf 89' lang='lat' dir='ltr'><strong>estquod</strong></span> <span class='ocrx_word' id='word_1_32' title='bbox 423 872 463 936; x_wconf 91' lang='lat' dir='ltr'><strong>ad</strong></span> <span class='ocrx_word' id='word_1_33' title='bbox 491 873 564 957; x_wconf 87' lang='lat' dir='ltr'><strong>ipsa</strong></span> <span class='ocrx_word' id='word_1_34' title='bbox 587 874 686 938; x_wconf 83' lang='lat' dir='ltr'><strong>verba</strong></span> <span class='ocrx_word' id='word_1_35' title='bbox 715 877 842 959; x_wconf 90' lang='lat' dir='ltr'><strong>spectat</strong></span> <span class='ocrx_word' id='word_1_36' title='bbox 870 897 942 940; x_wconf 92' lang='lat' dir='ltr'><strong>cum</strong></span> <span class='ocrx_word' id='word_1_37' title='bbox 971 875 1033 940; x_wconf 91' lang='lat' dir='ltr'><strong>fide</strong></span> <span class='ocrx_word' id='word_1_38' title='bbox 1062 879 1095 939; x_wconf 90' lang='lat' dir='ltr'><strong>et</strong></span> <span class='ocrx_word' id='word_1_39' title='bbox 1117 875 1236 940; x_wconf 91' lang='lat' dir='ltr'><strong>iudicio</strong></span> <span class='ocrx_word' id='word_1_40' title='bbox 1260 878 1292 939; x_wconf 89' lang='lat' dir='ltr'><strong>et</strong></span> <span class='ocrx_word' id='word_1_41' title='bbox 1315 873 1388 938; x_wconf 87' lang='lat' dir='ltr'><strong>dili·</strong></span> 
     </span>
     <span class='ocr_line' id='line_1_6' title="bbox 241 976 1390 1067; baseline 0.004 -28"><span class='ocrx_word' id='word_1_42' title='bbox 241 976 354 1060; x_wconf 85' lang='lat' dir='ltr'><strong>gentia</strong></span> <span class='ocrx_word' id='word_1_43' title='bbox 381 977 566 1044; x_wconf 88' lang='lat' dir='ltr'><strong>adcuranda</strong></span> <span class='ocrx_word' id='word_1_44' title='bbox 595 979 821 1045; x_wconf 87' lang='lat' dir='ltr'><strong>constituenda</strong></span> <span class='ocrx_word' id='word_1_45' title='bbox 854 981 1139 1065; x_wconf 87' lang='lat' dir='ltr'><strong>repraesentanda:</strong></span> <span class='ocrx_word' id='word_1_46' title='bbox 1172 981 1261 1067; x_wconf 89' lang='lat' dir='ltr'><strong>quali</strong></span> <span class='ocrx_word' id='word_1_47' title='bbox 1288 1001 1390 1065; x_wconf 88' lang='lat' dir='ltr'><strong>opera</strong></span> 
     </span>
     <span class='ocr_line' id='line_1_7' title="bbox 241 1085 1388 1174; baseline 0.002 -25"><span class='ocrx_word' id='word_1_48' title='bbox 241 1089 274 1149; x_wconf 91' lang='lat' dir='ltr'><strong>et</strong></span> <span class='ocrx_word' id='word_1_49' title='bbox 300 1085 388 1151; x_wconf 86' lang='lat' dir='ltr'><strong>viam</strong></span> <span class='ocrx_word' id='word_1_50' title='bbox 420 1085 523 1170; x_wconf 74' lang='lat' dir='ltr'><strong>sterni</strong></span> <span class='ocrx_word' id='word_1_51' title='bbox 558 1087 728 1173; x_wconf 71' lang='lat' dir='ltr'><strong>interpreti</strong></span> <span class='ocrx_word' id='word_1_52' title='bbox 760 1091 794 1152; x_wconf 90' lang='lat' dir='ltr'><strong>et</strong></span> <span class='ocrx_word' id='word_1_53' title='bbox 825 1110 920 1172; x_wconf 80' lang='lat' dir='ltr'>saepe</span> <span class='ocrx_word' id='word_1_54' title='bbox 953 1089 1095 1174; x_wconf 89' lang='lat' dir='ltr'><strong>aliquam</strong></span> <span class='ocrx_word' id='word_1_55' title='bbox 1125 1093 1252 1174; x_wconf 88' lang='lat' dir='ltr'><strong>partem</strong></span> <span class='ocrx_word' id='word_1_56' title='bbox 1284 1088 1388 1173; x_wconf 85' lang='lat' dir='ltr'><strong>ipsius</strong></span> 
     </span>
     <span class='ocr_line' id='line_1_8' title="bbox 239 1193 1388 1282; baseline 0.001 -24"><span class='ocrx_word' id='word_1_57' title='bbox 239 1193 519 1279; x_wconf 87' lang='lat' dir='ltr'><strong>interpretationis</strong></span> <span class='ocrx_word' id='word_1_58' title='bbox 537 1194 697 1261; x_wconf 88' lang='lat' dir='ltr'><strong>contineri</strong></span> <span class='ocrx_word' id='word_1_59' title='bbox 714 1217 780 1260; x_wconf 92' lang='lat' dir='ltr'><strong>non</strong></span> <span class='ocrx_word' id='word_1_60' title='bbox 798 1195 885 1282; x_wconf 83' lang='lat' dir='ltr'><strong>fugit</strong></span> <span class='ocrx_word' id='word_1_61' title='bbox 901 1197 1033 1280; x_wconf 85' lang='lat' dir='ltr'><strong>peritos.</strong></span> <span class='ocrx_word' id='word_1_62' title='bbox 1070 1195 1251 1282; x_wconf 66' lang='lat' dir='ltr'><strong>His&#39;igitur</strong></span> <span class='ocrx_word' id='word_1_63' title='bbox 1268 1195 1388 1260; x_wconf 88' lang='lat' dir='ltr'><strong>finibus</strong></span> 
     </span>
     <span class='ocr_line' id='line_1_9' title="bbox 239 1293 1387 1386; baseline 0.001 -21"><span class='ocrx_word' id='word_1_64' title='bbox 239 1301 389 1366; x_wconf 86' lang='lat' dir='ltr'><strong>nostrum</strong></span> <span class='ocrx_word' id='word_1_65' title='bbox 415 1299 719 1367; x_wconf 69' lang='lat' dir='ltr'><strong>commentariolum</strong></span> <span class='ocrx_word' id='word_1_66' title='bbox 748 1293 1021 1386; x_wconf 87' lang='lat' dir='ltr'><strong>circumscripturi</strong></span> <span class='ocrx_word' id='word_1_67' title='bbox 1049 1302 1161 1386; x_wconf 82' lang='lat' dir='ltr'><strong>paucis</strong></span> <span class='ocrx_word' id='word_1_68' title='bbox 1188 1300 1387 1366; x_wconf 89' lang='lat' dir='ltr'><strong>narrandum</strong></span> 
     </span>
     <span class='ocr_line' id='line_1_10' title="bbox 234 1407 947 1474; baseline 0.004 -3"><span class='ocrx_word' id='word_1_69' title='bbox 234 1407 279 1470; x_wconf 71' lang='lat' dir='ltr'><strong>&#39;de</strong></span> <span class='ocrx_word' id='word_1_70' title='bbox 302 1407 391 1472; x_wconf 90' lang='lat' dir='ltr'><strong>omni</strong></span> <span class='ocrx_word' id='word_1_71' title='bbox 414 1407 632 1473; x_wconf 89' lang='lat' dir='ltr'><strong>instrumento</strong></span> <span class='ocrx_word' id='word_1_72' title='bbox 657 1408 768 1473; x_wconf 90' lang='lat' dir='ltr'><strong>critico</strong></span> <span class='ocrx_word' id='word_1_73' title='bbox 793 1407 947 1474; x_wconf 83' lang='lat' dir='ltr'><strong>videmus.</strong></span> 
     </span>
    </p>

    <p class='ocr_par' dir='ltr' id='par_1_3' title="bbox 238 1513 1386 2030">
     <span class='ocr_line' id='line_1_11' title="bbox 329 1513 1386 1601; baseline 0.002 -24"><span class='ocrx_word' id='word_1_74' title='bbox 329 1513 377 1578; x_wconf 90' lang='lat' dir='ltr'><strong>Ao</strong></span> <span class='ocrx_word' id='word_1_75' title='bbox 391 1517 553 1598; x_wconf 80' lang='lat' dir='ltr'><strong>repertam</strong></span> <span class='ocrx_word' id='word_1_76' title='bbox 568 1517 783 1580; x_wconf 84' lang='lat' dir='ltr'><strong>esseconstat</strong></span> <span class='ocrx_word' id='word_1_77' title='bbox 797 1515 942 1579; x_wconf 88' lang='lat' dir='ltr'><strong>tabulam</strong></span> <span class='ocrx_word' id='word_1_78' title='bbox 958 1515 1049 1580; x_wconf 90' lang='lat' dir='ltr'><strong>illam</strong></span> <span class='ocrx_word' id='word_1_79' title='bbox 1064 1537 1206 1600; x_wconf 87' lang='lat' dir='ltr'><strong>aeneam,</strong></span> <span class='ocrx_word' id='word_1_80' title='bbox 1216 1515 1250 1580; x_wconf 92' lang='lat' dir='ltr'><strong>in</strong></span> <span class='ocrx_word' id='word_1_81' title='bbox 1260 1514 1386 1601; x_wconf 85' lang='lat' dir='ltr'><strong>qualex</strong></span> 
     </span>
     <span class='ocr_line' id='line_1_12' title="bbox 240 1617 1386 1706; baseline 0.002 -22"><span class='ocrx_word' id='word_1_82' title='bbox 240 1617 365 1686; x_wconf 89' lang='lat' dir='ltr'><strong>Rubria</strong></span> <span class='ocrx_word' id='word_1_83' title='bbox 379 1621 500 1705; x_wconf 87' lang='lat' dir='ltr'><strong>scripta</strong></span> <span class='ocrx_word' id='word_1_84' title='bbox 513 1626 571 1706; x_wconf 90' lang='lat' dir='ltr'><strong>est,</strong></span> <span class='ocrx_word' id='word_1_85' title='bbox 590 1621 642 1686; x_wconf 93' lang='lat' dir='ltr'><strong>die</strong></span> <span class='ocrx_word' id='word_1_86' title='bbox 655 1619 765 1687; x_wconf 76' lang='lat' dir='ltr'>XXIV</span> <span class='ocrx_word' id='word_1_87' title='bbox 780 1623 900 1688; x_wconf 80' lang='lat' dir='ltr'><strong>mensis</strong></span> <span class='ocrx_word' id='word_1_88' title='bbox 922 1622 1045 1706; x_wconf 84' lang='lat' dir='ltr'><strong>Aprilis</strong></span> <span class='ocrx_word' id='word_1_89' title='bbox 1066 1623 1141 1687; x_wconf 90' lang='lat' dir='ltr'><strong>anni</strong></span> <span class='ocrx_word' id='word_1_90' title='bbox 1161 1619 1386 1689; x_wconf 74' lang='lat' dir='ltr'><strong>Ololoccnx</strong></span> 
     </span>
     <span class='ocr_line' id='line_1_13' title="bbox 238 1727 1386 1814; baseline 0 -22"><span class='ocrx_word' id='word_1_91' title='bbox 238 1727 274 1792; x_wconf 92' lang='lat' dir='ltr'><strong>in</strong></span> <span class='ocrx_word' id='word_1_92' title='bbox 296 1727 367 1794; x_wconf 83' lang='lat' dir='ltr'><strong>vico</strong></span> <span class='ocrx_word' id='word_1_93' title='bbox 391 1731 496 1795; x_wconf 86' lang='lat' dir='ltr'><strong>terrae</strong></span> <span class='ocrx_word' id='word_1_94' title='bbox 514 1729 722 1796; x_wconf 76' lang='lat' dir='ltr'><strong>Placentinae</strong></span> <span class='ocrx_word' id='word_1_95' title='bbox 746 1730 797 1795; x_wconf 91' lang='lat' dir='ltr'><strong>cui</strong></span> <span class='ocrx_word' id='word_1_96' title='bbox 815 1729 998 1795; x_wconf 89' lang='lat' dir='ltr'><strong>Macinesso</strong></span> <span class='ocrx_word' id='word_1_97' title='bbox 1022 1751 1149 1814; x_wconf 88' lang='lat' dir='ltr'><strong>nomen,</strong></span> <span class='ocrx_word' id='word_1_98' title='bbox 1173 1729 1258 1794; x_wconf 88' lang='lat' dir='ltr'><strong>inter</strong></span> <span class='ocrx_word' id='word_1_99' title='bbox 1281 1729 1386 1812; x_wconf 88' lang='lat' dir='ltr'><strong>parie-</strong></span> 
     </span>
     <span class='ocr_line' id='line_1_14' title="bbox 238 1833 1385 1922; baseline -0.001 -22"><span class='ocrx_word' id='word_1_100' title='bbox 238 1837 323 1902; x_wconf 88' lang='lat' dir='ltr'><strong>tinas</strong></span> <span class='ocrx_word' id='word_1_101' title='bbox 342 1836 474 1922; x_wconf 88' lang='lat' dir='ltr'><strong>pristini</strong></span> <span class='ocrx_word' id='word_1_102' title='bbox 493 1837 604 1922; x_wconf 91' lang='lat' dir='ltr'><strong>oppidi</strong></span> <span class='ocrx_word' id='word_1_103' title='bbox 623 1837 765 1922; x_wconf 89' lang='lat' dir='ltr'><strong>Veleiae,</strong></span> <span class='ocrx_word' id='word_1_104' title='bbox 788 1837 871 1902; x_wconf 90' lang='lat' dir='ltr'><strong>unde</strong></span> <span class='ocrx_word' id='word_1_105' title='bbox 890 1837 1035 1921; x_wconf 89' lang='lat' dir='ltr'><strong>ineptum</strong></span> <span class='ocrx_word' id='word_1_106' title='bbox 1055 1835 1196 1922; x_wconf 77' lang='lat' dir='ltr'><strong>‘Digesti</strong></span> <span class='ocrx_word' id='word_1_107' title='bbox 1214 1833 1385 1900; x_wconf 84' lang='lat' dir='ltr'><strong>Veleiatis&#39;</strong></span> 
     </span>
     <span class='ocr_line' id='line_1_15' title="bbox 238 1943 1384 2030; baseline -0.001 -22"><span class='ocrx_word' id='word_1_108' title='bbox 238 1964 356 2008; x_wconf 86' lang='lat' dir='ltr'><strong>nornen</strong></span> <span class='ocrx_word' id='word_1_109' title='bbox 377 1943 443 2028; x_wconf 87' lang='lat' dir='ltr'><strong>legi</strong></span> <span class='ocrx_word' id='word_1_110' title='bbox 471 1943 609 2007; x_wconf 88' lang='lat' dir='ltr'><strong>inditum</strong></span> <span class='ocrx_word' id='word_1_111' title='bbox 637 1947 687 2008; x_wconf 90' lang='lat' dir='ltr'><strong>est</strong></span> <span class='ocrx_word' id='word_1_112' title='bbox 715 1943 904 2030; x_wconf 88' lang='lat' dir='ltr'><strong>aliquando:</strong></span> <span class='ocrx_word' id='word_1_113' title='bbox 934 1943 1020 2010; x_wconf 89' lang='lat' dir='ltr'><strong>baud</strong></span> <span class='ocrx_word' id='word_1_114' title='bbox 1046 1943 1159 2028; x_wconf 93' lang='lat' dir='ltr'><strong>procul</strong></span> <span class='ocrx_word' id='word_1_115' title='bbox 1183 1943 1223 2008; x_wconf 87' lang='lat' dir='ltr'><strong>ab</strong></span> <span class='ocrx_word' id='word_1_116' title='bbox 1247 1963 1284 2006; x_wconf 91' lang='grc'><strong>00</strong></span> <span class='ocrx_word' id='word_1_117' title='bbox 1311 1943 1384 2007; x_wconf 89' lang='grc'><strong>1000</strong></span> 
     </span>
    </p>
   </div>
   <div class='ocr_carea' id='block_1_3' title="bbox 104 2047 1385 2136">
    <p class='ocr_par' dir='ltr' id='par_1_4' title="bbox 104 2047 1385 2136">
     <span class='ocr_line' id='line_1_16' title="bbox 104 2047 1385 2136; baseline 0 -22"><span class='ocrx_word' id='word_1_118' title='bbox 104 2127 109 2136; x_wconf 31' lang='grc' dir='ltr'>Ι</span> <span class='ocrx_word' id='word_1_119' title='bbox 238 2049 272 2114; x_wconf 94' lang='lat' dir='ltr'><strong>in</strong></span> <span class='ocrx_word' id='word_1_120' title='bbox 295 2072 358 2135; x_wconf 92' lang='lat' dir='ltr'><strong>quo</strong></span> <span class='ocrx_word' id='word_1_121' title='bbox 381 2049 535 2114; x_wconf 83' lang='lat' dir='ltr'><strong>tredecim</strong></span> <span class='ocrx_word' id='word_1_122' title='bbox 549 2055 633 2133; x_wconf 37' lang='lat' dir='ltr'><strong>,ante</strong></span> <span class='ocrx_word' id='word_1_123' title='bbox 664 2051 757 2116; x_wconf 88' lang='lat' dir='ltr'><strong>annis</strong></span> <span class='ocrx_word' id='word_1_124' title='bbox 782 2050 905 2116; x_wconf 83' lang='lat' dir='ltr'><strong>‘tabula</strong></span> <span class='ocrx_word' id='word_1_125' title='bbox 929 2051 1134 2116; x_wconf 85' lang='lat' dir='ltr'><strong>alimentaria</strong></span> <span class='ocrx_word' id='word_1_126' title='bbox 1157 2047 1309 2132; x_wconf 83' lang='lat' dir='ltr'><strong>Traiani&#39;,</strong></span> <span class='ocrx_word' id='word_1_127' title='bbox 1331 2050 1385 2114; x_wconf 83' lang='lat' dir='ltr'><strong>vel</strong></span> 
     </span>
    </p>
   </div>
   <div class='ocr_carea' id='block_1_4' title="bbox 236 2157 1386 3312">
    <p class='ocr_par' dir='ltr' id='par_1_5' title="bbox 236 2157 1386 3312">
     <span class='ocr_line' id='line_1_17' title="bbox 238 2157 1385 2244; baseline 0 -23"><span class='ocrx_word' id='word_1_128' title='bbox 238 2157 344 2222; x_wconf 86' lang='lat' dir='ltr'><strong>verius</strong></span> <span class='ocrx_word' id='word_1_129' title='bbox 368 2157 528 2242; x_wconf 81' lang='lat' dir='ltr'><strong>obligatio</strong></span> <span class='ocrx_word' id='word_1_130' title='bbox 551 2158 767 2244; x_wconf 89' lang='lat' dir='ltr'><strong>praediorum,</strong></span> <span class='ocrx_word' id='word_1_131' title='bbox 792 2159 910 2224; x_wconf 82' lang='lat' dir='ltr'><strong>effossa</strong></span> <span class='ocrx_word' id='word_1_132' title='bbox 933 2164 1011 2225; x_wconf 89' lang='lat' dir='ltr'><strong>erat.</strong></span> <span class='ocrx_word' id='word_1_133' title='bbox 1058 2157 1203 2224; x_wconf 81' lang='lat' dir='ltr'><strong>Transiit</strong></span> <span class='ocrx_word' id='word_1_134' title='bbox 1225 2157 1385 2241; x_wconf 87' lang='lat' dir='ltr'><strong>deinceps,</strong></span> 
     </span>
     <span class='ocr_line' id='line_1_18' title="bbox 238 2263 1386 2351; baseline -0.002 -21"><span class='ocrx_word' id='word_1_135' title='bbox 238 2269 410 2351; x_wconf 85' lang='lat' dir='ltr'><strong>postquam</strong></span> <span class='ocrx_word' id='word_1_136' title='bbox 434 2265 468 2330; x_wconf 94' lang='lat' dir='ltr'><strong>in</strong></span> <span class='ocrx_word' id='word_1_137' title='bbox 491 2288 529 2330; x_wconf 87' lang='lat' dir='ltr'><strong>ea</strong></span> <span class='ocrx_word' id='word_1_138' title='bbox 553 2265 743 2349; x_wconf 84' lang='lat' dir='ltr'><strong>explicanda</strong></span> <span class='ocrx_word' id='word_1_139' title='bbox 766 2269 798 2330; x_wconf 92' lang='lat' dir='ltr'><strong>et</strong></span> <span class='ocrx_word' id='word_1_140' title='bbox 821 2267 856 2330; x_wconf 93' lang='lat' dir='ltr'><strong>in</strong></span> <span class='ocrx_word' id='word_1_141' title='bbox 879 2288 970 2330; x_wconf 89' lang='lat' dir='ltr'><strong>suam</strong></span> <span class='ocrx_word' id='word_1_142' title='bbox 993 2267 1138 2351; x_wconf 86' lang='lat' dir='ltr'><strong>linguam</strong></span> <span class='ocrx_word' id='word_1_143' title='bbox 1162 2263 1386 2330; x_wconf 85' lang='lat' dir='ltr'><strong>transferenda</strong></span> 
     </span>
     <span class='ocr_line' id='line_1_19' title="bbox 238 2369 1385 2455; baseline -0.002 -18"><span class='ocrx_word' id='word_1_144' title='bbox 238 2371 424 2438; x_wconf 78' lang='lat' dir='ltr'><strong>Aurosrvs</strong></span> <span class='ocrx_word' id='word_1_145' title='bbox 450 2369 565 2439; x_wconf 77' lang='lat' dir='ltr'><strong>Coeus</strong></span> <span class='ocrx_word' id='word_1_146' title='bbox 589 2373 761 2439; x_wconf 89' lang='lat' dir='ltr'><strong>canonicus</strong></span> <span class='ocrx_word' id='word_1_147' title='bbox 784 2371 992 2438; x_wconf 87' lang='lat' dir='ltr'><strong>Placentinus</strong></span> <span class='ocrx_word' id='word_1_148' title='bbox 1016 2371 1205 2455; x_wconf 87' lang='lat' dir='ltr'><strong>elaboravit,</strong></span> <span class='ocrx_word' id='word_1_149' title='bbox 1228 2394 1292 2436; x_wconf 87' lang='lat' dir='ltr'><strong>uua</strong></span> <span class='ocrx_word' id='word_1_150' title='bbox 1310 2393 1385 2436; x_wconf 92' lang='lat' dir='ltr'><strong>cum</strong></span> 
     </span>
     <span class='ocr_line' id='line_1_20' title="bbox 238 2477 1385 2565; baseline -0.002 -21"><span class='ocrx_word' id='word_1_151' title='bbox 238 2478 333 2544; x_wconf 78' lang='lat' dir='ltr'><strong>huius</strong></span> <span class='ocrx_word' id='word_1_152' title='bbox 358 2477 484 2545; x_wconf 88' lang='lat' dir='ltr'><strong>schedis</strong></span> <span class='ocrx_word' id='word_1_153' title='bbox 512 2501 588 2544; x_wconf 89' lang='lat' dir='ltr'><strong>mss.</strong></span> <span class='ocrx_word' id='word_1_154' title='bbox 616 2479 651 2544; x_wconf 91' lang='lat' dir='ltr'><strong>in</strong></span> <span class='ocrx_word' id='word_1_155' title='bbox 679 2501 826 2546; x_wconf 89' lang='lat' dir='ltr'><strong>museum</strong></span> <span class='ocrx_word' id='word_1_156' title='bbox 854 2480 980 2565; x_wconf 86' lang='lat' dir='ltr'><strong>regium</strong></span> <span class='ocrx_word' id='word_1_157' title='bbox 1003 2479 1186 2544; x_wconf 86' lang='lat' dir='ltr'><strong>Parmense.</strong></span> <span class='ocrx_word' id='word_1_158' title='bbox 1231 2477 1282 2542; x_wconf 92' lang='lat' dir='ltr'><strong>Ibi</strong></span> <span class='ocrx_word' id='word_1_159' title='bbox 1310 2499 1385 2542; x_wconf 90' lang='lat' dir='ltr'><strong>cum</strong></span> 
     </span>
     <span class='ocr_line' id='line_1_21' title="bbox 237 2583 1385 2679; baseline -0.002 -27"><span class='ocrx_word' id='word_1_160' title='bbox 237 2587 360 2671; x_wconf 90' lang='lat' dir='ltr'><strong>primus</strong></span> <span class='ocrx_word' id='word_1_161' title='bbox 391 2584 595 2652; x_wconf 77' lang='lat' dir='ltr'><strong>Osmrsuvs</strong></span> <span class='ocrx_word' id='word_1_162' title='bbox 628 2586 805 2652; x_wconf 75' lang='lat' dir='ltr'><strong>Msa1u1vs</strong></span> <span class='ocrx_word' id='word_1_163' title='bbox 833 2585 1107 2679; x_wconf 86' lang='lat' dir='ltr'><strong>transcripsisset,</strong></span> <span class='ocrx_word' id='word_1_164' title='bbox 1141 2583 1242 2650; x_wconf 88' lang='lat' dir='ltr'><strong>edidit</strong></span> <span class='ocrx_word' id='word_1_165' title='bbox 1273 2587 1385 2650; x_wconf 88' lang='lat' dir='ltr'><strong>tamen</strong></span> 
     </span>
     <span class='ocr_line' id='line_1_22' title="bbox 237 2689 1385 2778; baseline -0.002 -20"><span class='ocrx_word' id='word_1_166' title='bbox 237 2693 360 2778; x_wconf 89' lang='lat' dir='ltr'><strong>primus</strong></span> <span class='ocrx_word' id='word_1_167' title='bbox 391 2717 476 2760; x_wconf 88' lang='lat' dir='ltr'><strong>anno</strong></span> <span class='ocrx_word' id='word_1_168' title='bbox 509 2695 592 2760; x_wconf 88' lang='grc'><strong>1788</strong></span> <span class='ocrx_word' id='word_1_169' title='bbox 621 2717 727 2759; x_wconf 89' lang='lat' dir='ltr'><strong>comes</strong></span> <span class='ocrx_word' id='word_1_170' title='bbox 754 2693 910 2759; x_wconf 74' lang='lat' dir='ltr'><strong>Ioannes</strong></span> <span class='ocrx_word' id='word_1_171' title='bbox 940 2692 1123 2758; x_wconf 75' lang='lat' dir='ltr'><strong>Rruunnvs</strong></span> <span class='ocrx_word' id='word_1_172' title='bbox 1152 2689 1262 2757; x_wconf 77' lang='grc'><strong>011111</strong></span> <span class='ocrx_word' id='word_1_173' title='bbox 1289 2692 1385 2756; x_wconf 89' lang='lat' dir='ltr'><strong>Auti-</strong></span> 
     </span>
     <span class='ocr_line' id='line_1_23' title="bbox 238 2800 1385 2885; baseline 0 -21"><span class='ocrx_word' id='word_1_174' title='bbox 238 2801 398 2885; x_wconf 88' lang='lat' dir='ltr'><strong>quitatum</strong></span> <span class='ocrx_word' id='word_1_175' title='bbox 425 2800 615 2866; x_wconf 88' lang='lat' dir='ltr'><strong>Italicarum</strong></span> <span class='ocrx_word' id='word_1_176' title='bbox 643 2806 733 2867; x_wconf 89' lang='lat' dir='ltr'><strong>tomo</strong></span> <span class='ocrx_word' id='word_1_177' title='bbox 757 2800 773 2865; x_wconf 96' lang='lat' dir='ltr'>I</span> <span class='ocrx_word' id='word_1_178' title='bbox 797 2825 817 2866; x_wconf 92' lang='lat' dir='ltr'><strong>a</strong></span> <span class='ocrx_word' id='word_1_179' title='bbox 840 2824 870 2885; x_wconf 92' lang='lat' dir='ltr'><strong>p.</strong></span> <span class='ocrx_word' id='word_1_180' title='bbox 896 2800 968 2867; x_wconf 90' lang='grc'><strong>135.</strong></span> <span class='ocrx_word' id='word_1_181' title='bbox 1014 2800 1117 2877; x_wconf 81' lang='lat' dir='ltr'><strong>Quem</strong></span> <span class='ocrx_word' id='word_1_182' title='bbox 1145 2800 1273 2883; x_wconf 87' lang='lat' dir='ltr'><strong>excepit</strong></span> <span class='ocrx_word' id='word_1_183' title='bbox 1294 2819 1385 2864; x_wconf 90' lang='lat' dir='ltr'><strong>caus-</strong></span> 
     </span>
     <span class='ocr_line' id='line_1_24' title="bbox 237 2903 1385 2992; baseline -0.002 -20"><span class='ocrx_word' id='word_1_184' title='bbox 237 2929 347 2973; x_wconf 89' lang='lat' dir='ltr'><strong>sarum</strong></span> <span class='ocrx_word' id='word_1_185' title='bbox 362 2911 451 2972; x_wconf 89' lang='lat' dir='ltr'><strong>actor</strong></span> <span class='ocrx_word' id='word_1_186' title='bbox 465 2906 674 2974; x_wconf 87' lang='lat' dir='ltr'><strong>Placentinus</strong></span> <span class='ocrx_word' id='word_1_187' title='bbox 688 2909 862 2974; x_wconf 81' lang='lat' dir='ltr'><strong>IosuPHvs</strong></span> <span class='ocrx_word' id='word_1_188' title='bbox 877 2907 1033 2972; x_wconf 81' lang='lat' dir='ltr'><strong>Poea1vs</strong></span> <span class='ocrx_word' id='word_1_189' title='bbox 1048 2907 1184 2992; x_wconf 81' lang='lat' dir='ltr'><strong>uulgata</strong></span> <span class='ocrx_word' id='word_1_190' title='bbox 1199 2903 1385 2970; x_wconf 81' lang='grc'><strong>0111101790</strong></span> 
     </span>
     <span class='ocr_line' id='line_1_25' title="bbox 237 2999 1385 3100; baseline -0.003 -21"><span class='ocrx_word' id='word_1_191' title='bbox 237 3014 355 3080; x_wconf 88' lang='lat' dir='ltr'><strong>scheda</strong></span> <span class='ocrx_word' id='word_1_192' title='bbox 379 3015 537 3100; x_wconf 81' lang='lat' dir='ltr'><strong>singulari</strong></span> <span class='ocrx_word' id='word_1_193' title='bbox 560 3037 658 3100; x_wconf 89' lang='lat' dir='ltr'><strong>quam</strong></span> <span class='ocrx_word' id='word_1_194' title='bbox 686 3017 721 3080; x_wconf 89' lang='lat' dir='ltr'><strong>iu</strong></span> <span class='ocrx_word' id='word_1_195' title='bbox 744 3014 919 3080; x_wconf 84' lang='lat' dir='ltr'><strong>Germania</strong></span> <span class='ocrx_word' id='word_1_196' title='bbox 945 3014 1118 3082; x_wconf 89' lang='lat' dir='ltr'><strong>nemodum</strong></span> <span class='ocrx_word' id='word_1_197' title='bbox 1147 2999 1266 3078; x_wconf 84' lang='lat' dir='ltr'><strong>vidisse</strong></span> <span class='ocrx_word' id='word_1_198' title='bbox 1297 3011 1385 3076; x_wconf 85' lang='lat' dir='ltr'><strong>vide-</strong></span> 
     </span>
     <span class='ocr_line' id='line_1_26' title="bbox 236 3117 1384 3206; baseline -0.003 -21"><span class='ocrx_word' id='word_1_199' title='bbox 236 3124 303 3186; x_wconf 89' lang='lat' dir='ltr'><strong>tur:</strong></span> <span class='ocrx_word' id='word_1_200' title='bbox 331 3122 507 3206; x_wconf 89' lang='lat' dir='ltr'><strong>eodemque</strong></span> <span class='ocrx_word' id='word_1_201' title='bbox 539 3144 624 3189; x_wconf 89' lang='lat' dir='ltr'><strong>anno</strong></span> <span class='ocrx_word' id='word_1_202' title='bbox 653 3121 791 3190; x_wconf 74' lang='grc'><strong>(1001111</strong></span> <span class='ocrx_word' id='word_1_203' title='bbox 823 3121 995 3186; x_wconf 87' lang='lat' dir='ltr'><strong>translatio</strong></span> <span class='ocrx_word' id='word_1_204' title='bbox 1029 3120 1149 3205; x_wconf 91' lang='lat' dir='ltr'><strong>prodiit</strong></span> <span class='ocrx_word' id='word_1_205' title='bbox 1182 3120 1217 3185; x_wconf 91' lang='lat' dir='ltr'><strong>in</strong></span> <span class='ocrx_word' id='word_1_206' title='bbox 1245 3117 1384 3184; x_wconf 86' lang='lat' dir='ltr'><strong>Secundi</strong></span> 
     </span>
     <span class='ocr_line' id='line_1_27' title="bbox 236 3225 1384 3312; baseline -0.002 -20"><span class='ocrx_word' id='word_1_207' title='bbox 236 3225 367 3312; x_wconf 86' lang='lat' dir='ltr'><strong>Iosephi</strong></span> <span class='ocrx_word' id='word_1_208' title='bbox 390 3227 553 3294; x_wconf 92' lang='lat' dir='ltr'><strong>Pittarelli</strong></span> <span class='ocrx_word' id='word_1_209' title='bbox 576 3229 614 3296; x_wconf 93' lang='lat' dir='ltr'><strong>de</strong></span> <span class='ocrx_word' id='word_1_210' title='bbox 638 3231 750 3297; x_wconf 90' lang='lat' dir='ltr'><strong>tabula</strong></span> <span class='ocrx_word' id='word_1_211' title='bbox 773 3229 980 3295; x_wconf 86' lang='lat' dir='ltr'><strong>alimentaria</strong></span> <span class='ocrx_word' id='word_1_212' title='bbox 1003 3227 1087 3293; x_wconf 90' lang='lat' dir='ltr'><strong>libro</strong></span> <span class='ocrx_word' id='word_1_213' title='bbox 1107 3227 1276 3312; x_wconf 81' lang='lat' dir='ltr'><strong>Augustae</strong></span> <span class='ocrx_word' id='word_1_214' title='bbox 1299 3225 1384 3291; x_wconf 86' lang='lat' dir='ltr'><strong>Tau-</strong></span> 
     </span>
    </p>
   </div>
   <div class='ocr_carea' id='block_1_5' title="bbox 210 3329 1513 3420">
    <p class='ocr_par' dir='ltr' id='par_1_6' title="bbox 210 3329 1513 3420">
     <span class='ocr_line' id='line_1_28' title="bbox 210 3329 1513 3420; baseline 0 -22"><span class='ocrx_word' id='word_1_215' title='bbox 210 3329 379 3400; x_wconf 73' lang='lat' dir='ltr'><strong>&#39;rinorum</strong></span> <span class='ocrx_word' id='word_1_216' title='bbox 407 3335 582 3420; x_wconf 90' lang='lat' dir='ltr'><strong>publicato.</strong></span> <span class='ocrx_word' id='word_1_217' title='bbox 627 3337 781 3403; x_wconf 88' lang='lat' dir='ltr'><strong>Paratum</strong></span> <span class='ocrx_word' id='word_1_218' title='bbox 812 3358 831 3401; x_wconf 91' lang='lat' dir='ltr'><strong>a</strong></span> <span class='ocrx_word' id='word_1_219' title='bbox 861 3359 895 3401; x_wconf 88' lang='lat' dir='ltr'><strong>se</strong></span> <span class='ocrx_word' id='word_1_220' title='bbox 925 3335 1056 3400; x_wconf 90' lang='lat' dir='ltr'><strong>tabulae</strong></span> <span class='ocrx_word' id='word_1_221' title='bbox 1080 3334 1262 3418; x_wconf 85' lang='lat' dir='ltr'><strong>exemplum</strong></span> <span class='ocrx_word' id='word_1_222' title='bbox 1285 3337 1384 3417; x_wconf 90' lang='lat' dir='ltr'><strong>atque</strong></span> <span class='ocrx_word' id='word_1_223' title='bbox 1502 3400 1513 3418; x_wconf 60' lang='lat'><strong>,</strong></span> 
     </span>
    </p>
   </div>
   <div class='ocr_carea' id='block_1_6' title="bbox 231 3439 1385 4599">
    <p class='ocr_par' dir='ltr' id='par_1_7' title="bbox 231 3439 1385 4599">
     <span class='ocr_line' id='line_1_29' title="bbox 236 3439 1383 3530; baseline -0.001 -26"><span class='ocrx_word' id='word_1_224' title='bbox 236 3441 302 3505; x_wconf 90' lang='lat' dir='ltr'><strong>iam</strong></span> <span class='ocrx_word' id='word_1_225' title='bbox 329 3463 415 3508; x_wconf 89' lang='lat' dir='ltr'><strong>anno</strong></span> <span class='ocrx_word' id='word_1_226' title='bbox 445 3444 530 3510; x_wconf 90' lang='grc'><strong>1786</strong></span> <span class='ocrx_word' id='word_1_227' title='bbox 561 3444 676 3511; x_wconf 89' lang='lat' dir='ltr'><strong>formis</strong></span> <span class='ocrx_word' id='word_1_228' title='bbox 714 3465 901 3530; x_wconf 86' lang='lat' dir='ltr'><strong>expressum</strong></span> <span class='ocrx_word' id='word_1_229' title='bbox 928 3441 1103 3507; x_wconf 76' lang='lat' dir='ltr'><strong>Maaluws</strong></span> <span class='ocrx_word' id='word_1_230' title='bbox 1133 3461 1217 3505; x_wconf 89' lang='lat' dir='ltr'><strong>anno</strong></span> <span class='ocrx_word' id='word_1_231' title='bbox 1253 3439 1383 3504; x_wconf 87' lang='lat' dir='ltr'><strong>demum</strong></span> 
     </span>
     <span class='ocr_line' id='line_1_30' title="bbox 239 3546 1385 3635; baseline -0.004 -21"><span class='ocrx_word' id='word_1_232' title='bbox 239 3549 325 3616; x_wconf 91' lang='grc'><strong>1795</strong></span> <span class='ocrx_word' id='word_1_233' title='bbox 347 3551 436 3616; x_wconf 86' lang='lat' dir='ltr'><strong>foras</strong></span> <span class='ocrx_word' id='word_1_234' title='bbox 460 3550 549 3616; x_wconf 89' lang='lat' dir='ltr'><strong>dedit</strong></span> <span class='ocrx_word' id='word_1_235' title='bbox 571 3553 606 3617; x_wconf 93' lang='lat' dir='ltr'><strong>in</strong></span> <span class='ocrx_word' id='word_1_236' title='bbox 624 3551 716 3617; x_wconf 86' lang='lat' dir='ltr'><strong>Actis</strong></span> <span class='ocrx_word' id='word_1_237' title='bbox 739 3549 1022 3635; x_wconf 87' lang='lat' dir='ltr'><strong>monumentisque</strong></span> <span class='ocrx_word' id='word_1_238' title='bbox 1044 3548 1183 3612; x_wconf 85' lang='lat' dir='ltr'><strong>fratrum</strong></span> <span class='ocrx_word' id='word_1_239' title='bbox 1203 3546 1385 3629; x_wconf 84' lang='lat' dir='ltr'><strong>Arvalium,</strong></span> 
     </span>
     <span class='ocr_line' id='line_1_31' title="bbox 235 3653 1384 3745; baseline -0.006 -22"><span class='ocrx_word' id='word_1_240' title='bbox 235 3657 318 3723; x_wconf 88' lang='lat' dir='ltr'><strong>tomi</strong></span> <span class='ocrx_word' id='word_1_241' title='bbox 339 3657 356 3722; x_wconf 95' lang='grc' dir='ltr'><strong>Ι</strong></span> <span class='ocrx_word' id='word_1_242' title='bbox 378 3681 407 3742; x_wconf 87' lang='lat' dir='ltr'><strong>p.</strong></span> <span class='ocrx_word' id='word_1_243' title='bbox 433 3659 496 3724; x_wconf 91' lang='lat'><strong>108</strong></span> <span class='ocrx_word' id='word_1_244' title='bbox 520 3681 598 3745; x_wconf 86' lang='lat' dir='ltr'><strong>sqq,</strong></span> <span class='ocrx_word' id='word_1_245' title='bbox 622 3659 748 3726; x_wconf 86' lang='lat' dir='ltr'><strong>adiecta</strong></span> <span class='ocrx_word' id='word_1_246' title='bbox 771 3660 853 3724; x_wconf 85' lang='lat' dir='ltr'><strong>torni</strong></span> <span class='ocrx_word' id='word_1_247' title='bbox 875 3657 909 3722; x_wconf 94' lang='lat' dir='ltr'><strong>Il</strong></span> <span class='ocrx_word' id='word_1_248' title='bbox 928 3680 958 3741; x_wconf 93' lang='lat' dir='ltr'><strong>p.</strong></span> <span class='ocrx_word' id='word_1_249' title='bbox 977 3655 1051 3721; x_wconf 91' lang='grc'><strong>568.</strong></span> <span class='ocrx_word' id='word_1_250' title='bbox 1075 3654 1138 3720; x_wconf 89' lang='grc'><strong>571</strong></span> <span class='ocrx_word' id='word_1_251' title='bbox 1159 3675 1205 3738; x_wconf 86' lang='lat' dir='ltr'><strong>sq.</strong></span> <span class='ocrx_word' id='word_1_252' title='bbox 1225 3653 1384 3738; x_wconf 89' lang='lat' dir='ltr'><strong>siglorum</strong></span> 
     </span>
     <span class='ocr_line' id='line_1_32' title="bbox 236 3759 1383 3851; baseline -0.004 -21"><span class='ocrx_word' id='word_1_253' title='bbox 236 3764 438 3850; x_wconf 90' lang='lat' dir='ltr'><strong>quorundam</strong></span> <span class='ocrx_word' id='word_1_254' title='bbox 471 3766 694 3851; x_wconf 85' lang='lat' dir='ltr'><strong>explicatione.</strong></span> <span class='ocrx_word' id='word_1_255' title='bbox 749 3764 892 3832; x_wconf 83' lang='lat' dir='ltr'><strong>Oarlium</strong></span> <span class='ocrx_word' id='word_1_256' title='bbox 928 3762 1036 3848; x_wconf 88' lang='lat' dir='ltr'><strong>potius</strong></span> <span class='ocrx_word' id='word_1_257' title='bbox 1074 3782 1171 3846; x_wconf 88' lang='lat' dir='ltr'><strong>quam</strong></span> <span class='ocrx_word' id='word_1_258' title='bbox 1207 3759 1383 3825; x_wconf 76' lang='lat' dir='ltr'><strong>Matinium</strong></span> 
     </span>
     <span class='ocr_line' id='line_1_33' title="bbox 236 3867 1382 3951; baseline -0.006 -14"><span class='ocrx_word' id='word_1_259' title='bbox 236 3875 365 3938; x_wconf 89' lang='lat' dir='ltr'><strong>secutus</strong></span> <span class='ocrx_word' id='word_1_260' title='bbox 403 3893 476 3937; x_wconf 90' lang='lat' dir='ltr'><strong>cum</strong></span> <span class='ocrx_word' id='word_1_261' title='bbox 513 3873 713 3938; x_wconf 85' lang='lat' dir='ltr'><strong>nostratibus</strong></span> <span class='ocrx_word' id='word_1_262' title='bbox 751 3873 997 3938; x_wconf 90' lang='lat' dir='ltr'><strong>monumentum</strong></span> <span class='ocrx_word' id='word_1_263' title='bbox 1041 3867 1216 3933; x_wconf 88' lang='lat' dir='ltr'><strong>Parmense</strong></span> <span class='ocrx_word' id='word_1_264' title='bbox 1256 3867 1382 3951; x_wconf 86' lang='lat' dir='ltr'><strong>primus</strong></span> 
     </span>
     <span class='ocr_line' id='line_1_34' title="bbox 236 3963 1383 4059; baseline -0.006 -15"><span class='ocrx_word' id='word_1_265' title='bbox 236 3979 423 4046; x_wconf 74' lang='lat' dir='ltr'><strong>Gvsusvvs</strong></span> <span class='ocrx_word' id='word_1_266' title='bbox 447 3978 552 4046; x_wconf 75' lang='lat' dir='ltr'><strong>Hveo</strong></span> <span class='ocrx_word' id='word_1_267' title='bbox 580 4002 665 4044; x_wconf 90' lang='lat' dir='ltr'><strong>anno</strong></span> <span class='ocrx_word' id='word_1_268' title='bbox 698 3980 781 4054; x_wconf 84' lang='grc'><strong>1797</strong></span> <span class='ocrx_word' id='word_1_269' title='bbox 812 3975 1062 4045; x_wconf 87' lang='lat' dir='ltr'><strong>communicavit</strong></span> <span class='ocrx_word' id='word_1_270' title='bbox 1088 3963 1306 4059; x_wconf 83' lang='lat' dir='ltr'><strong>Promptuarii</strong></span> <span class='ocrx_word' id='word_1_271' title='bbox 1330 3973 1383 4037; x_wconf 90' lang='lat' dir='ltr'><strong>sni</strong></span> 
     </span>
     <span class='ocr_line' id='line_1_35' title="bbox 236 4079 1383 4171; baseline -0.009 -19"><span class='ocrx_word' id='word_1_272' title='bbox 236 4092 326 4152; x_wconf 90' lang='lat' dir='ltr'><strong>tomo</strong></span> <span class='ocrx_word' id='word_1_273' title='bbox 349 4084 382 4150; x_wconf 94' lang='grc' dir='ltr'><strong>ΙΙ</strong></span> <span class='ocrx_word' id='word_1_274' title='bbox 405 4107 425 4150; x_wconf 91' lang='lat' dir='ltr'><strong>a</strong></span> <span class='ocrx_word' id='word_1_275' title='bbox 447 4108 478 4171; x_wconf 92' lang='lat' dir='ltr'><strong>p.</strong></span> <span class='ocrx_word' id='word_1_276' title='bbox 501 4087 565 4152; x_wconf 83' lang='lat'><strong>431</strong></span> <span class='ocrx_word' id='word_1_277' title='bbox 591 4087 631 4152; x_wconf 89' lang='lat' dir='ltr'><strong>ad</strong></span> <span class='ocrx_word' id='word_1_278' title='bbox 654 4087 729 4170; x_wconf 89' lang='lat'><strong>496,</strong></span> <span class='ocrx_word' id='word_1_279' title='bbox 753 4091 786 4151; x_wconf 88' lang='lat' dir='ltr'><strong>et</strong></span> <span class='ocrx_word' id='word_1_280' title='bbox 808 4086 973 4170; x_wconf 81' lang='lat' dir='ltr'><strong>corrigens</strong></span> <span class='ocrx_word' id='word_1_281' title='bbox 997 4081 1154 4168; x_wconf 88' lang='lat' dir='ltr'><strong>quaedam</strong></span> <span class='ocrx_word' id='word_1_282' title='bbox 1172 4080 1310 4146; x_wconf 84' lang='lat' dir='ltr'><strong>feliciter</strong></span> <span class='ocrx_word' id='word_1_283' title='bbox 1328 4079 1383 4144; x_wconf 84' lang='lat' dir='ltr'><strong>vel</strong></span> 
     </span>
     <span class='ocr_line' id='line_1_36' title="bbox 235 4189 1382 4278; baseline -0.008 -20"><span class='ocrx_word' id='word_1_284' title='bbox 235 4193 354 4258; x_wconf 90' lang='lat' dir='ltr'><strong>rectius</strong></span> <span class='ocrx_word' id='word_1_285' title='bbox 377 4192 594 4278; x_wconf 88' lang='lat' dir='ltr'><strong>interpretans</strong></span> <span class='ocrx_word' id='word_1_286' title='bbox 618 4196 651 4258; x_wconf 87' lang='lat' dir='ltr'><strong>et</strong></span> <span class='ocrx_word' id='word_1_287' title='bbox 674 4193 887 4258; x_wconf 88' lang='lat' dir='ltr'><strong>saluberrimo</strong></span> <span class='ocrx_word' id='word_1_288' title='bbox 908 4190 1042 4257; x_wconf 88' lang='lat' dir='ltr'><strong>consilio</strong></span> <span class='ocrx_word' id='word_1_289' title='bbox 1062 4189 1171 4254; x_wconf 89' lang='lat' dir='ltr'><strong>omnia</strong></span> <span class='ocrx_word' id='word_1_290' title='bbox 1190 4189 1382 4255; x_wconf 84' lang='lat' dir='ltr'><strong>convertens</strong></span> 
     </span>
     <span class='ocr_line' id='line_1_37' title="bbox 235 4294 1382 4385; baseline -0.004 -20"><span class='ocrx_word' id='word_1_291' title='bbox 235 4298 403 4365; x_wconf 87' lang='lat' dir='ltr'><strong>vernacule</strong></span> <span class='ocrx_word' id='word_1_292' title='bbox 440 4305 473 4365; x_wconf 88' lang='lat' dir='ltr'><strong>et</strong></span> <span class='ocrx_word' id='word_1_293' title='bbox 504 4299 610 4384; x_wconf 88' lang='lat' dir='ltr'><strong>ipsam</strong></span> <span class='ocrx_word' id='word_1_294' title='bbox 642 4299 724 4385; x_wconf 87' lang='lat' dir='ltr'><strong>legis</strong></span> <span class='ocrx_word' id='word_1_295' title='bbox 759 4298 928 4364; x_wconf 87' lang='lat' dir='ltr'><strong>materiam</strong></span> <span class='ocrx_word' id='word_1_296' title='bbox 962 4300 1115 4362; x_wconf 88' lang='lat' dir='ltr'><strong>accurato</strong></span> <span class='ocrx_word' id='word_1_297' title='bbox 1134 4294 1382 4360; x_wconf 87' lang='lat' dir='ltr'><strong>&#39;commentario</strong></span> 
     </span>
     <span class='ocr_line' id='line_1_38' title="bbox 234 4393 1383 4494; baseline -0.01 -19"><span class='ocrx_word' id='word_1_298' title='bbox 234 4411 367 4494; x_wconf 89' lang='lat' dir='ltr'><strong>planam</strong></span> <span class='ocrx_word' id='word_1_299' title='bbox 389 4405 512 4471; x_wconf 85' lang='lat' dir='ltr'><strong>faciens</strong></span> <span class='ocrx_word' id='word_1_300' title='bbox 540 4411 573 4472; x_wconf 87' lang='lat' dir='ltr'><strong>et</strong></span> <span class='ocrx_word' id='word_1_301' title='bbox 600 4407 646 4472; x_wconf 91' lang='lat' dir='ltr'><strong>sic</strong></span> <span class='ocrx_word' id='word_1_302' title='bbox 669 4406 867 4492; x_wconf 85' lang='lat' dir='ltr'><strong>generaliter</strong></span> <span class='ocrx_word' id='word_1_303' title='bbox 890 4401 1047 4469; x_wconf 86' lang='lat' dir='ltr'><strong>deliniens</strong></span> <span class='ocrx_word' id='word_1_304' title='bbox 1077 4393 1383 4483; x_wconf 56' lang='lat' dir='ltr'><strong>‘Prome-Ordbuup</strong></span> 
     </span>
     <span class='ocr_line' id='line_1_39' title="bbox 231 4505 1382 4599; baseline -0.01 -18"><span class='ocrx_word' id='word_1_305' title='bbox 231 4517 289 4599; x_wconf 77' lang='lat' dir='ltr'><strong>sir‘r</strong></span> <span class='ocrx_word' id='word_1_306' title='bbox 306 4515 363 4580; x_wconf 77' lang='lat' dir='ltr'><strong>due</strong></span> <span class='ocrx_word' id='word_1_307' title='bbox 381 4511 579 4596; x_wconf 67' lang='lat' dir='ltr'><strong>Ousdbpiscbe</strong></span> <span class='ocrx_word' id='word_1_308' title='bbox 598 4512 743 4598; x_wconf 83' lang='lat' dir='ltr'><strong>Gallieu&#39;,</strong></span> <span class='ocrx_word' id='word_1_309' title='bbox 761 4511 900 4596; x_wconf 85' lang='lat' dir='ltr'><strong>siugulis</strong></span> <span class='ocrx_word' id='word_1_310' title='bbox 920 4511 1030 4574; x_wconf 88' lang='lat' dir='ltr'><strong>autem</strong></span> <span class='ocrx_word' id='word_1_311' title='bbox 1049 4507 1214 4592; x_wconf 89' lang='lat' dir='ltr'><strong>capitibus</strong></span> <span class='ocrx_word' id='word_1_312' title='bbox 1234 4505 1382 4570; x_wconf 84' lang='lat' dir='ltr'><strong>rubricas</strong></span> 
     </span>
    </p>
   </div>
   <div class='ocr_carea' id='block_1_7' title="bbox 0 0 1588 5084">
    <p class='ocr_par' dir='ltr' id='par_1_8' title="bbox 0 0 1588 5084">
     <span class='ocr_line' id='line_1_40' title="bbox 0 0 1588 5084; baseline 0 3"><span class='ocrx_word' id='word_1_313' title='bbox 0 0 1588 5084; x_wconf 95' lang='lat' dir='ltr'><strong> </strong></span> 
     </span>
    </p>
   </div>
  </div>
 </body>
</html>
