3216 5082
305 341 372 408 476
418 360 464 408 ua
486 359 752 410 nucmssrrosu
776 359 924 422 aventu
946 359 1077 408 nemus
1099 358 1374 409 nucosnrrrons.

304 503 422 588 tueris,
446 503 480 568 in
503 507 616 569 nostra
639 525 754 570 caussa
778 504 949 589 quicquam
972 503 1155 588 profeceris.
1191 502 1278 568 Nam
1302 504 1363 568 etsi
1388 504 1463 569 sin·

304 610 412 696 gulari
435 633 512 677 sane
537 612 698 696 exemplo,
726 615 759 676 et
782 611 868 696 quod
893 611 944 677 rix
968 614 1056 676 certo
1084 610 1202 677 indicio
1226 611 1391 696 expedias,
1419 611 1461 676 in

265 753 268 759 ·
304 717 463 785 Perusino
491 717 599 804 lapide
627 720 713 805 apud
735 717 976 786 Vermiliolium
1005 718 1082 784 Iscr.
1109 717 1181 784 Per.
1202 717 1235 783 Il
1263 741 1294 803 p.
1313 718 1379 783 349
1405 710 1459 784 ed

304 847 350 908 pr.
374 825 441 890 484
461 825 515 890 alt.
539 821 565 888 L
580 859 586 872 ·
602 824 784 892 MAENAS
799 863 805 876 ·
821 825 847 890 L
862 861 869 875 ·
884 825 910 890 L
926 861 933 875 ·
949 824 1222 895 ALEXANDER
1243 827 1377 892 nomina
1401 849 1459 892 so·

255 963 290 1004 1x
306 930 393 997 ciete
415 931 527 1015 habes,
549 934 660 997 tamen
683 933 716 997 in
739 933 838 998 titulo
858 932 1077 999 Garruceiano
1099 955 1167 1000 non
1190 937 1241 998 est
1263 934 1330 999 ullo
1354 933 1458 999 modo

305 1037 458 1104 credibile
481 1037 690 1105 MENATES
718 1039 857 1106 formam
886 1061 1023 1123 aequare
1047 1037 1289 1104 MAENATus
1313 1039 1457 1124 seriptu-

304 1167 388 1211 ram:
412 1168 509 1231 quam
533 1147 618 1212 enim
637 1147 785 1232 angustis
804 1147 923 1212 finibus
941 1167 957 1211 e
974 1147 1095 1212 vocalis
1114 1167 1173 1230 pro
1192 1166 1229 1212 ae
1246 1143 1456 1232 diphthongo

303 1273 381 1317 usus
409 1253 444 1330 in
471 1255 579 1339 prisca
606 1253 770 1320 latinitate
798 1253 1060 1338 circumscriptus
1088 1253 1198 1336 fuerit,
1231 1251 1311 1317 satis
1341 1253 1458 1318 videor

304 1357 339 1422 in
362 1381 477 1424 comm.
501 1361 540 1426 de
563 1361 652 1426 fietil.
675 1360 737 1425 litt.
761 1383 791 1444 p.
810 1360 853 1425 22
878 1361 989 1444 [supra
1011 1382 1043 1444 p.
1062 1360 1140 1441 286]
1166 1357 1322 1424 docuisse.

394 1465 463 1542 Quo
486 1466 587 1552 igitur
614 1466 826 1532 confidentius
849 1464 1024 1537 Menates
1052 1469 1147 1530 teneo
1175 1489 1234 1551 pro
1262 1464 1453 1532 Minatius

280 1573 460 1659 positum,
493 1594 530 1638 eo
563 1594 648 1639 nunc
681 1594 757 1637 sane
791 1572 885 1637 citius
914 1569 1125 1637 LVOILLES
1157 1571 1238 1637 illud
1271 1574 1453 1639 extermino

305 1681 390 1766 quod
404 1702 494 1746 mero
510 1701 617 1746 errore
632 1681 770 1765 inrepsit
784 1680 817 1744 in
831 1679 890 1764 pe
906 1679 1014 1762 [449]:
1039 1679 1166 1763 quando
1186 1679 1221 1744 in
1238 1679 1345 1744 forma
1359 1681 1453 1746 fictili

304 1787 527 1854 aBoissieuio
555 1788 723 1874 publicata
749 1787 850 1854 Inser.
873 1785 973 1872 Lugd.
997 1809 1027 1870 p.
1046 1786 1112 1850 443
1135 1809 1166 1852 n.
1188 1785 1228 1850 16
1256 1790 1343 1851 recte
1366 1787 1453 1852 lecta
1585 1837 1586 1846 ,

303 1895 473 1980 inscriptio
509 1893 731 1960 VALGIAES
747 1929 753 1944 ·
768 1891 980 1960 LVOILLES
1018 1893 1186 1978 genetivus
1223 1893 1451 1958 declinationis

304 2003 428 2086 primae
452 2006 614 2068 monstrat
638 2002 851 2086 apertissime.
897 2000 1021 2066 Omitto
1044 2024 1130 2066 nune
1153 2001 1231 2085 alia,
1255 2002 1344 2066 velut
1365 2003 1452 2088 quod

304 2109 337 2174 in
361 2112 501 2174 tractato
525 2131 555 2192 p.
577 2109 617 2174 13
641 2106 734 2190 [456]
764 2107 862 2174 titulo
885 2107 1099 2175 Nemausensi
1127 2109 1317 2194 perdubiam
1347 2131 1367 2174 a
1389 2109 1452 2174 fide

304 2215 480 2281 memoriae
509 2236 579 2280 esse
601 2213 754 2280 VE'PTII
768 2250 774 2263 ·
789 2213 919 2280 HELIS
946 2215 1120 2280 lectionem
1142 2214 1380 2282 Mommsenum
1403 2217 1453 2282 in·

305 2327 434 2409 spectac
458 2347 477 2389 a
496 2345 530 2388 se
549 2322 685 2388 schedae
706 2319 933 2406 Scaligeranae
953 2319 1127 2386 Leidenses
1146 2321 1330 2388 docuerunt
1364 2322 1452 2389 Nam

304 2435 341 2497 ut
364 2431 536 2516 quaedam,
565 2431 681 2515 quibus
710 2428 780 2494 illic
808 2445 886 2494 usus
915 2451 987 2494 sum
1014 2429 1254 2516 incertioribus,
1282 2432 1382 2497 missa
1404 2432 1452 2498 fa

304 2539 418 2626 cienda
445 2539 524 2623 sint,
552 2560 618 2604 non
646 2541 755 2602 tamen
783 2536 862 2602 haee
890 2542 970 2622 puto
998 2537 1176 2622 impedient
1203 2539 1374 2624 quominus
1402 2541 1451 2605 rei
1585 2587 1586 2592 η

304 2669 430 2712 summa
453 2648 544 2712 salva
567 2647 735 2712 habeatur.
757 2682 800 2692 —
823 2643 932 2711 Vnum
961 2645 1043 2712 addo
1068 2667 1263 2732 quamquam
1286 2639 1452 2712 lesidense
1585 2657 1586 2678 ¹

303 2777 362 2820 nee
385 2753 425 2820 ad
449 2754 645 2839 scriptorum
672 2753 782 2838 potius
811 2775 908 2838 quam
936 2754 975 2819 ad
1004 2753 1210 2818 librariorum
1238 2775 1331 2818 usum
1360 2775 1451 2838 spee-
1585 2837 1586 2842 ἵ

303 2865 387 2926 tans.
427 2859 497 2926 Nec
520 2861 607 2925 enim
629 2857 774 2943 profecto
797 2858 892 2924 nobis
916 2859 1103 2944 persuaderi
1126 2859 1287 2944 patiemur
1313 2860 1451 2945 abipso

304 2967 397 3034 Livio
414 2967 594 3052 profectam
609 2987 678 3030 esse
692 2965 869 3050 pristinam
884 2969 980 3052 atque
995 2967 1074 3032 adeo
1090 2965 1323 3032 Sallustianam
1347 2967 1451 3033 alius
1466 3011 1468 3017 ι

304 3075 393 3139 vocis
421 3065 687 3156 declinationem,
719 3073 810 3138 cuius
838 3075 969 3157 praeter
996 3073 1092 3157 illud,
1125 3073 1210 3158 quod
1237 3097 1268 3158 p.
1290 3075 1331 3140 10
1354 3075 1450 3160 [453]

305 3180 377 3247 adn.
401 3180 508 3266 attigi,
538 3179 601 3245 duo'
625 3179 771 3265 exempla
793 3179 962 3264 indagavit
984 3181 1213 3247 studiosissimi
1236 3180 1450 3247 adulescentis

232 3359 238 3376 ¹
304 3288 468 3360 industria
494 3287 528 3353 in
556 3287 700 3354 Livianis
732 3287 825 3352 libris
857 3288 985 3352 naviter
1017 3289 1145 3353 versati.
1190 3287 1239 3354 Ae
1267 3287 1370 3352 levius
1399 3293 1450 3356 est

305 3396 404 3482 quod,
436 3417 510 3461 eum
537 3393 738 3479 l.V11,8‚2
766 3395 801 3459 in
828 3417 887 3460 ms.
916 3395 1025 3460 codice
1048 3393 1205 3461 Klockius
1229 3393 1352 3476 ‘equites
1374 3395 1450 3461 aliis

304 3505 402 3570 alium
434 3501 641 3586 inoepantes’
673 3503 882 3587 repperisset,
918 3502 992 3566 inde
1024 3501 1228 3568 efficiendum
1259 3503 1321 3568 alis
1349 3502 1450 3569 alicam
1585 3521 1586 3534 ¹

304 3610 434 3696 putavit
463 3594 660 3675 Sallustiano
694 3611 848 3694 exemplo.
895 3609 1009 3674 Paullo
1042 3609 1174 3695 gravius
1208 3608 1307 3674 videri
1339 3613 1450 3693 potest

304 3717 389 3803 quod
412 3715 569 3806 LXXIV,
588 3718 640 3800 28,
659 3716 681 3780 4
702 3717 773 3801 ipse
785 3715 1070 3781 Weissenbornius
1094 3737 1114 3780 a
1132 3714 1268 3781 Puteani
1291 3717 1448 3782 memoria

303 3845 333 3909 si
358 3807 467 3908 altile
496 3841 622 3906 trabant
647 3861 702 3936 res,
724 3839 760 3930 (a
782 3840 912 3926 quidem
941 3863 1037 3905 manu
1064 3840 1163 3905 tertia
1192 3839 1447 3927 suprascripto)

244 3985 252 3996 ·
303 3951 468 4035 profectus
491 3951 537 4016 ali
558 3951 621 4016 alio
643 3949 707 4034 ipsi
726 3941 878 4033 scriptori
896 3947 1013 4012 tribuit
1032 3947 1127 4032 idque
1146 3948 1181 4012 in
1200 3947 1446 4015 continuitatem

304 4057 477 4123 verborum
510 4056 648 4140 exempli
680 4055 731 4121 sui
763 4055 893 4141 recepit.
953 4054 1045 4132 Quod
1078 4077 1134 4120 cur
1166 4075 1231 4119 non
1264 4055 1447 4142 probemus,

304 4186 435 4230 caussas
463 4169 532 4230 tam
555 4185 625 4228 esse
650 4165 779 4246 apertas
802 4165 969 4247 putamus,
1006 4165 1042 4227 ut
1064 4166 1098 4227 et
1122 4160 1189 4227 otio
1214 4163 1247 4225 et
1269 4182 1386 4246 operae
1413 4165 1445 4228 et

304 4270 427 4341 chartis
450 4270 645 4360 parcendum
667 4267 823 4335 videatur.

769 4483 981 4493 ———.
