3216 5082
297 359 370 424 ’498
541 373 685 424 Pnrscrn
706 373 932 423 usnmruums
955 373 1213 448 aerosunmoun

917 521 1129 584 testarentur:
1152 517 1186 582 id
1201 517 1376 603 quodcum
1394 539 1458 602 per

918 649 952 692 se
970 626 1176 691 verissimum
1190 625 1247 710 sit,
1270 629 1341 690 tum
1360 645 1455 708 pror-

919 755 973 798 sus
1010 754 1095 798 nuno
1130 733 1358 798 confirmatum
1403 737 1456 796 est

918 839 1084 924 adscripto
1114 840 1148 905 in
1174 839 1335 904 iustorum
1364 838 1455 922 frag·

919 950 1028 1012 mento
1043 943 1151 1012 Feano
1171 946 1212 1010 ed
1226 968 1254 1010 a
1265 944 1329 1010 537
1349 945 1376 1012 ll
1393 965 1454 1008 nu·

919 1075 1017 1119 mero.
1040 1053 1163 1119 Verum
1177 1074 1216 1119 eo
1230 1057 1342 1117 tamen
1356 1071 1453 1135 argu·

919 1165 1029 1227 mento
1052 1161 1144 1225 illam
1167 1161 1200 1225 in
1221 1163 1349 1245 partem
1368 1156 1455 1222 nihil

919 1267 1053 1352 probari
1070 1267 1166 1332 facile
1185 1271 1330 1352 apparet,
1353 1286 1453 1350 appa-

919 1378 969 1438 ret
992 1377 1100 1440 autem
1124 1372 1368 1438 eo·evidentius
1387 1393 1453 1455 quo

919 1481 1089 1546 certiorem
1112 1479 1274 1546 iudicandi
1297 1479 1384 1544 viam
1402 1479 1453 1561 ip-

920 1589 988 1652 sius
1021 1586 1188 1652 Plutarchi
1225 1585 1325 1651 verba
1360 1606 1452 1650 mon·

921 1699 1026 1760 strant
1049 1694 1138 1760 uisere
1157 1695 1287 1773 ἑτέρου(
1306 1694 1453 1770 κατέετη-

670 1298 676 1310 -
623 933 685 1268 ΟΑἾΞΞᾹ

332 1197 366 1468 COMIT
315 1161 357 1176 '-
333 955 366 1142 HAB
351 920 358 933 -
331 566 366 898 CAVSSA

736 3467 769 3708 VITIO
754 3431 760 3444 -
735 3151 769 3411 FAOTI
753 3118 760 3130 -
734 2524 768 3098 ABDICARVNT
753 2489 759 2501 -
735 2369 768 2468 IN
753 2334 760 2347 ·
734 2003 768 2315 EORVM
752 1969 758 1981 -
733 1655 767 1950 Locvm
751 1622 758 1634 -
732 1343 765 1600 FAOTI
750 1311 756 1322 -
731 1057 765 1286 SVNT

306 1534 340 1738 DIOT

360 1704 393 1896 MAG
379 1671 386 1684 -
361 1534 399 1649 EQ

652 1595 686 1864 OOMIT
670 1555 676 1567 -
652 1341 685 1525 ΗΑΒ

785 1437 819 1643 DIOT

840 1557 873 1750 MAG
858 1515 865 1528 ·
840 1370 879 1486 EQ

362 2505 448 2901 INOARVNT
433 2462 439 2474 ·
415 2337 448 2433 IN
433 2300 440 2314 ·
415 1971 448 2279 EORVM
432 1936 438 1948 ·
413 1611 447 1914 LOOVM
432 1569 439 1582 ·
413 1287 447 1542 FAOTI
431 1251 438 1265 -
412 1002 445 1229 SVNT

486 2969 493 2983 ·
480 2852 499 2887 *
467 2709 500 2771 N

467 1641 500 1873 DIOT

520 1808 553 2016 MAG
539 1765 545 1778 -
520 1607 558 1736 EQ

921 1907 1083 1993 Sigonius,
1098 1908 1136 1971 de
1150 1907 1337 1992 interregno
1352 1905 1455 1970 diota-

920 2019 1025 2080 torem
1053 2014 1233 2098 excipiente
1260 2016 1338 2098 post
1365 2011 1454 2076 abdi·

626 2079 661 2284 DIGT

681 2100 714 2294 MAG-
699 2057 706 2071 -
680 1915 719 2028 EQ

867 2261 874 2276 ·
922 2227 1031 2294 enim?
1062 2249 1169 2293 nonne
1197 2247 1312 2291 caussa
1335 2225 1454 2290 erroris

867 2503 874 2517 ,
922 2443 1054 2526 eiusque
1078 2441 1159 2507 satis
1178 2439 1340 2526 proclivis,
1363 2456 1455 2523 pror-

868 2624 874 2637 ·
922 2571 977 2613 sus
1014 2548 1049 2612 in
1085 2547 1259 2632 propatulo
1296 2550 1360 2631 est,
1399 2547 1456 2610 ubi

921 2655 1081 2720 fastorum
1109 2654 1299 2718 memoriam
1327 2658 1385 2718 aut
1407 2657 1455 2717 ta·

921 2763 985 2828 lem
1009 2761 1117 2825 animo
1139 2759 1381 2824 informaveris:

1082 2866 1169 2948 [vide
1187 2867 1292 2947 iuxta]

868 2984 875 2997 ·
920 2973 966 3039 Et
983 2974 1068 3039 hano
1086 2973 1215 3058 quidem
1235 2973 1373 3038 alteram
1389 2996 1455 3040 non

868 3103 874 3117 ·
921 3081 1021 3145 mirer
1052 3081 1081 3145 si
1108 3081 1179 3165 quis
1214 3102 1252 3146 eo
1286 3101 1455 3166 argumen-

868 3223 875 3236 ·
920 3190 955 3251 to
997 3187 1213 3267 commendet,
1255 3209 1318 3273 quo
1360 3189 1453 3254 video

868 3343 875 3357 .
920 3292 1107 3360 Haakhium
1129 3317 1223 3358 usum
1247 3293 1281 3358 in
1296 3293 1455 3379 Encyolo·

868 3465 875 3478 ,
921 3402 1056 3486 paediae
1083 3399 1267 3484 Paulyanae
1299 3400 1395 3466 tIlI
1423 3426 1454 3487 p.

868 3583 875 3597 ‚
921 3509 988 3574 480
1007 3513 1043 3573 ut
1060 3507 1156 3572 fidem
1167 3505 1301 3574 Valerio
1320 3509 1452 3576 omnino

922 3635 992 3678 esse
1029 3613 1246 3700 derogandam
1283 3615 1453 3698 probaret:

922 3720 1040 3805 quippe
1055 3742 1170 3804 parum
1184 3719 1289 3786 simile
1302 3722 1369 3787 veri
1383 3744 1452 3790 esse

868 3824 875 3838 ‘
922 3827 964 3892 ab
979 3826 1185 3910 optimatium
1199 3827 1344 3913 principe
1351 3828 1452 3896 Fabio

921 3933 1095 3998 eorundem
1125 3934 1318 3999 acerrimum
1345 3936 1453 4000 adver-

307 1933 340 1976 U)

308 2198 342 2314 e

308 2313 341 2582 ἕ

308 2593 341 2702 e

308 2705 341 2870 Ξ

789 3282 828 3336 Q
807 3244 814 3257 ·
789 3172 821 3225 F
807 3139 813 3152 -
789 3062 828 3116 Q
806 3027 813 3040 ·
788 2943 822 3008 N
807 2911 813 2923 -
788 2480 821 2889 MAXIMVS
787 1814 821 2462 ·VERRVOOSSVS

628 2973 662 3838 M·M1NVOIVS·C-F-
629 2857 648 2892 ²⁸²
628 2713 661 2776 N

681 2713 716 3837 c-FLAMINIvs-O-F-L-N

548 3539 609 3768 has-noge:
547 3453 555 3467 .

789 3785 828 3838 Q
807 3739 814 3752 ·
788 3394 822 3712 FABIVS
807 3359 813 3372 -

578 3811 608 3923 aut

309 4037 428 4102 sarium
443 4035 469 4101 F
470 4036 641 4104 laminium
661 4061 729 4104 esse
744 4040 938 4126 magistrum
953 4041 1097 4124 equitum
1112 4039 1174 4104 sibi
1189 4042 1357 4108 sociatum.
1380 4041 1452 4107 Tuli

308 4149 417 4210 tamen
440 4145 649 4231 ratiunculae,
671 4149 708 4212 ut
726 4169 838 4213 verum
856 4149 1026 4231 fateamur,
1044 4167 1110 4212 non
1132 4151 1262 4212 tentum
1280 4148 1451 4213 tribuimus

309 4257 384 4333 quin
402 4252 509 4335 possit
526 4257 640 4318 contm
657 4253 786 4318 sentiri:
811 4253 938 4340 quando
957 4257 1140 4338 temporum
1161 4253 1291 4320 illorum
1310 4255 1451 4320 rationes

308 4359 503 4425 rimantibus
526 4381 593 4424 non
616 4381 713 4425 unam
737 4383 884 4427 caussam
908 4361 959 4426 vel
983 4361 1129 4426 condicio
1152 4383 1259 4426 rerum
1279 4359 1330 4425 vel
1349 4361 1451 4446 ipsius

310 4487 415 4528 mores
431 4465 521 4530 Fabii
538 4472 725 4554 suggerunt,
737 4489 820 4552 quae
834 4467 976 4532 hominis
990 4465 1157 4552 popularis
1173 4467 1369 4533 creationem
1385 4467 1452 4534 sive

921 1823 991 1867 tou:
1036 1822 1118 1886 quae
1151 1822 1224 1865 eum
1256 1798 1455 1885 neglexisset
1568 1875 1569 1880 ἵ

922 2121 1082 2186 cationem
1126 2120 1302 2205 cogitabat.
1371 2117 1455 2194 Quid
1570 2142 1571 2178 l

868 2384 875 2396 .
922 2332 1166 2400 siveValeriani
1179 2332 1456 2412 sivePlutarchei,
1571 2361 1572 2364 ¹
