3116 5066
329 404 391 468 132
602 421 820 468 uouvusurs
843 419 1079 468 umouaruma
1103 418 1193 466 ran.

327 561 375 644 [O.
389 563 414 629 I.
429 563 463 628 L.
487 563 503 627 I
525 585 556 628 m
574 563 671 648 12883
700 563 735 628 P.
749 563 785 628 L.
799 561 842 627 M.
861 563 899 627 E.
923 563 987 628 tab.
1002 560 1155 628 LXXVII
1171 559 1229 642 0]:
1252 555 1468 626 HERCVLIS

326 672 392 736 iam
424 671 458 736 in
489 669 689 736 Mummiano
722 671 818 736 titulo
851 674 939 754 post
971 692 1090 736 annum
1115 669 1179 734 608
1211 667 1299 732 facto
1333 663 1468 752 (quando

327 777 479 844 absoluta
502 777 630 844 denium
658 777 736 844 aede
763 778 835 843 fieri
863 777 1097 843 dedicationem
1126 777 1381 841 consentaneum
1403 769 1469 855 est).

328 883 465 960 Quicum
489 884 659 967 aptissime
681 885 837 968 conferes,
861 883 946 969 quod
965 879 1160 950 POPVLVS
1184 879 1365 947 TABVLA
1383 875 1470 944 VIN·

328 988 443 1056 OVLA
469 989 689 1076 SINGVLEI,
718 989 796 1055 item
826 988 1086 1056 CONSVLERE
1110 987 1367 1054 DMTVLERIT
1394 991 1425 1052 et
1445 987 1469 1048 si

328 1119 410 1183 quae
434 1103 510 1163 sunt
533 1097 657 1183 affinia,
690 1097 929 1183 antiquioribus
958 1095 1153 1163 POPOLVS
1184 1095 1363 1162 TABOLA
1386 1091 1469 1160 VIN·

328 1203 442 1270 OOLA
472 1203 678 1270 SINGOLEI
706 1201 961 1270 CONSOLERE
990 1201 1241 1269 DETOLIIRIT
1270 1201 1384 1268 formis
1412 1201 1468 1264 iam

329 1312 585 1397 eirca'tempora
606 1311 791 1376 tabularum
805 1311 966 1377 Bantinae
981 1310 1201 1397 Genuatisque
1225 1315 1258 1376 et
1281 1309 1366 1394 legis
1389 1327 1469 1390 repe·

328 1419 502 1484 tundarum
518 1417 687 1484 succedere
702 1422 885 1502 coeperunt.
918 1416 1074 1484 Similiter
1088 1417 1271 1484 MERETO
1295 1413 1468 1481 affluam

328 1525 436 1590 tenuit
465 1524 642 1610 antiquitas
675 1524 709 1588 in
740 1522 901 1608 Scipionis
933 1525 1071 1592 Barbati
1103 1525 1124 1590 f.
1159 1525 1408 1610 epigrammate,
1440 1519 1467 1584 in

329 1630 511 1698 Marsorum
538 1632 637 1718 longe
664 1631 895 1696 vetustissimis
923 1631 1189 1700 Mommseuianis
1217 1631 1306 1698 5483
1337 1635 1370 1696 ct
1392 1627 1466 1695 5de

331 1737 380 1821 [Ο.
397 1739 423 1807 I.
442 1739 477 1806 L.
501 1740 517 1806 I
540 1761 570 1805 n.
588 1741 663 1827 1825
687 1739 721 1806 P.
740 1738 776 1805 L.
795 1735 838 1803 M.
857 1739 895 1804 Ε.
913 1740 979 1806 tab.
994 1739 1087 1806 HID
1110 1745 1143 1806 et
1166 1739 1200 1806 Ο.
1215 1739 1240 1806 Ι.
1254 1740 1377 1806 L.In.
1393 1735 1467 1812 1831.

330 1869 396 1912 una
418 1869 491 1912 cum
516 1845 712 1912 SOLIIDAS
735 1851 768 1911 et
790 1844 1095 1912 OALECANDAM
1122 1847 1155 1912 in
1179 1841 1468 1928 Aletrinatip0rell.

331 1954 418 2020 3892
443 1953 491 2036 [C.
510 1955 535 2018 I.
554 1954 589 2019 L.
612 1953 628 2017 I
650 1976 680 2020 n.
704 1954 801 2038 1166;
825 1953 859 2018 P.
878 1951 913 2019 I.
931 1952 974 2018 M.
994 1953 1032 2018 Ε.
1055 1955 1120 2019 tab.
1139 1953 1198 2018 LII
1213 1954 1274 2038 BJ,
1305 1974 1384 2040 quae
1405 1949 1467 2034 ipsa

331 2061 417 2126 circa
441 2061 650 2126 annumero
681 2061 768 2126 facta
797 2064 855 2126 est.
900 2061 987 2127 Nolo
1015 2061 1152 2126 nimium
1177 2059 1253 2126 Soio
1276 2061 1319 2128 de
1342 2053 1467 2124 Tiburti·

332 2169 392 2234 bus
416 2167 570 2252 tribuere,
600 2167 635 2234 in
662 2189 726 2253 quo
754 2169 820 2233 iam
843 2168 999 2253 scriptum
1030 2191 1100 2234 esse
1123 2167 1294 2234 MERITO
1322 2163 1466 2252 proditur:

332 2277 460 2340 tantum
492 2275 696 2358 exploratum
728 2273 848 2360 habeo,
880 2275 921 2340 ab
949 2297 1064 2342 norma
1092 2280 1125 2341 et
1152 2275 1383 2342 consuetudine
1408 2270 1466 2336 eius

333 2379 464 2466 aetatis,'
483 2401 564 2466 quae
589 2403 710 2446 annum
728 2381 794 2447 620
816 2381 963 2448 insecuta
986 2386 1044 2466 est,
1068 2383 1148 2448 adeo
1173 2383 1351 2450 abhorrere
1373 2377 1399 2444 E
1421 2375 1465 2440 lit

332 2492 437 2556 teram
460 2511 520 2574 pro
543 2489 559 2554 Ι
582 2493 759 2574 servatam,
782 2489 834 2555 vix
860 2495 896 2556 ut
918 2491 983 2556 tria
1006 2513 1091 2556 nunc
1110 2490 1259 2575 exempla
1276 2491 1313 2558 in
1330 2485 1465 2574 promptu
1535 2479 1536 2494 ¹

293 2625 317 2665 ir
333 2597 452 2683 sint*):
489 2595 832 2663 DEOTVNINEBVS
865 2601 898 2662 et
929 2597 1129 2664 POSEDET
1162 2600 1197 2666 in
1226 2620 1302 2664 aere
1334 2585 1466 2668 (tenuati,

186 2701 189 2707 ’
333 2703 547 2770 OPPEDEIS
571 2704 669 2769 semel
698 2705 733 2769 in
760 2706 1009 2789 repetundarum
1038 2705 1119 2790 lege.
1164 2703 1251 2772 Nam
1275 2702 1360 2791 quod
1381 2693 1466 2784 pluri·

334 2832 461 2876 morum
485 2833 643 2876 annorum
666 2811 839 2878 intervallo
863 2813 1033 2879 interiecto
1053 2813 1157 2880 denuo
1176 2813 1204 2878 Ε
1224 2834 1284 2898 pro
1302 2811 1318 2878 I
1336 2810 1466 2891 frequen·

334 2921 440 2982 tatum
469 2921 518 2982 est
545 2917 580 2984 in
607 2919 728 2984 tabulis
752 2918 1036 3004 Heracleensibus,
1064 2941 1195 3004 prorsus
1225 2917 1388 3004 singulare
1413 2909 1465 2972 est:

336 3024 421 3109 quod
445 3023 539 3108 quale
563 3025 620 3110 sit,
643 3025 809 3092 enucleare
833 3048 935 3112 nuper
958 3028 992 3092 in
1006 3025 1120 3092 Museo
1143 3031 1256 3092 nostro
1279 3021 1391 3109 philol.
1410 3019 1466 3080 stu-

336 3131 390 3196 dui
420 3131 503 3197 tomi
526 3131 608 3197 VIII
635 3132 712 3199 fasc.
735 3134 756 3198 3
786 3136 834 3218 [p.
860 3134 926 3200 480
950 3133 1020 3200 adn.
1045 3165 1087 3188 =
1112 3133 1230 3218 Opuso.
1252 3131 1285 3197 II
1310 3155 1340 3218 p.
1355 3123 1464 3200 6238ίίΙ

336 3237 407 3304 adn
431 3237 510 3320 ***].

424 3346 526 3412 Porro
545 3346 605 3411 etsi
626 3369 744 3431 anceps
763 3369 832 3412 essa
852 3349 957 3436 sentio
977 3353 1010 3414 et
1029 3349 1161 3415 difficile
1181 3347 1352 3431 explicatu,
1373 3345 1466 3405 tanen

336 3475 403 3520 non
425 3455 541 3520 tacebo
566 3454 650 3539 quod
674 3454 708 3520 in
727 3453 815 3521 HOC
839 3454 944 3524 forma
967 3455 1140 3522 observavi
1158 3456 1208 3520 vel
1228 3455 1337 3540 potius
1354 3451 1387 3516 in
1401 3435 1464 3510 ΗῙ0

336 3562 536 3646 pronomine.
568 3561 660 3638 Quod
684 3585 757 3628 cum
781 3561 957 3628 servataE
982 3563 1092 3628 littera
1114 3562 1313 3647 bisyllabum
1336 3564 1401 3624 tum
1418 3545 1465 3613 ΒΨ·

337 3669 375 3734 de
394 3667 611 3736 Bacanalibus
634 3673 770 3753 usurpat
794 3673 861 3734 tum
887 3691 907 3734 a
929 3670 1001 3754 lege
1020 3669 1163 3735 Bantina
1186 3669 1227 3735 ad
1245 3667 1369 3754 lapides
1384 3657 1462 3724 Cum·

336 3799 439 3862 panos
455 3773 663 3863 (Mommsen
682 3773 706 3840 1.
725 3772 765 3840 N.
780 3775 864 3842 3561
882 3797 951 3860 sqq.
976 3773 1024 3856 [c.
1039 3775 1064 3840 1.
1079 3775 1113 3842 a.
1132 3775 1147 3840 1
1166 3797 1197 3842 n.
1212 3775 1278 3842 aas
1293 3795 1372 3860 sqq.;
1393 3763 1423 3830 P·
1436 3757 1464 3823 h·

336 3885 379 3952 M.
402 3883 440 3950 Ε.
463 3883 529 3949 tab.
552 3880 660 3946 LXIII
673 3877 814 3968 A-Dp
845 3883 978 3967 publica
1006 3887 1217 3948 monumenta
1244 3883 1351 3949 omnia
1373 3870 1463 3942 solun
1530 3933 1531 3975 1

336 3995 470 4058 norunt:
494 3989 665 4055 interiecta
686 3988 754 4054 sere
778 3991 946 4075 sexaginta
969 4012 1126 4058 annorum
1149 3995 1239 4056 aetas
1259 3987 1395 4056 eiusdem
1412 3975 1464 4040 ior·

337 4121 408 4166 mae
440 4121 506 4166 non
534 4096 638 4183 magis
670 4097 854 4181 exemplum
887 4097 989 4164 ullum
1021 4097 1156 4186 praebet
1188 4119 1285 4182 quam
1318 4111 1394 4182 quae
1422 4075 1463 4146 vel

338 4207 479 4270 medium
511 4205 675 4272 sacculum
703 4202 768 4269 VII
797 4208 908 4272 secuta
940 4209 990 4286 est
1021 4206 1072 4272 vel
1101 4203 1159 4270 SC.
1196 4189 1235 4268 de
1266 4190 1463 4270 annualibus
1529 4217 1530 4269 I

338 4333 537 4398 praegressa.
586 4311 700 4397 Itaque
728 4308 849 4378 HONO
863 4346 870 4361 ·
886 4309 992 4377 OINO
1021 4312 1160 4378 incisum
1192 4313 1242 4376 est
1273 4311 1306 4376 in
1335 4297 1463 4390 sepul⁰f⁰

429 4541 454 4610 *)
474 4541 557 4613 [vrso
575 4539 610 4597 ae
628 4541 713 4596 usuro
732 4540 881 4598 Aletrinati
899 4561 926 4614 p.
942 4543 1008 4598 run
1026 4560 1066 4612 sq.
1086 4539 1170 4612 (infra
1187 4559 1214 4614 p.
1231 4543 1302 4613 ru).
1339 4537 1365 4593 c.
1379 4525 1429 4596 u]
1528 4499 1529 4561 i
