3116 5066
261 313 323 378 140
539 331 758 378 MONVMENTA
783 329 1017 378 arlaacrfflct
1042 331 1133 376 TRIA.

193 451 198 466 ⁸
257 473 349 538 iecto.
386 473 487 550 Quale
512 473 645 538 verbum
674 495 737 538 nou
766 474 892 538 videtur
922 495 999 537 saue
1027 449 1179 555 irrrqrscre
1202 495 1273 538 csse
1297 495 1413 558 posse:

257 582 368 664 potest
390 581 530 646 fortasse
551 582 701 664 inrupere,
725 579 993 664 quemadmodum
1008 579 1113 645 Varro
1133 579 1166 644 in
1186 583 1299 646 satura
1316 583 1413 645 acarti-

217 706 241 744 21
257 687 395 754 cartarius
417 689 635 754 smrtustclotus
657 689 804 771 irrumpit
821 709 852 753 se
869 690 904 753 ia
922 688 1043 753 curium
1067 679 1148 751 dixit
1162 689 1245 771 apud
1261 687 1412 753 Nonium

258 818 288 878 p.
308 794 386 858 263:
410 815 605 880 quamquam
628 795 869 880 aliquantillum
892 795 1050 860 iuteresse
1074 795 1159 858 haud
1182 795 1301 860 nescio.

347 900 487 967 Tantum
512 903 642 987 quidem
666 904 705 968 dc
728 903 789 969 his.
836 901 986 969 Ceterum
1010 923 1104 966 versu
1128 906 1219 968 sexto
1243 903 1412 988 epigram-

258 1009 354 1074 matis
379 1007 494 1075 Sorani
517 1009 750 1075 LVBENTES
774 1009 876 1074 edidit
897 1008 1069 1074 Henaenus
1093 1031 1166 1073 cum
1186 1007 1412 1077 Mommsenc:

258 1117 299 1181 ab
332 1118 493 1202 exemplo,
529 1117 614 1203 quod
647 1117 859 1202 lithographo
892 1117 1088 1202 sequendum
1120 1115 1195 1200 fuit,
1230 1115 1263 1181 N
1296 1117 1414 1183 littera

258 1223 359 1290 abest.
389 1223 494 1302 Quam
517 1229 628 1290 tamen
652 1225 730 1288 olim
750 1248 770 1289 a
787 1224 893 1309 lapide
913 1223 1032 1288 afuisse
1051 1222 1203 1288 credibile
1222 1245 1289 1288 non
1308 1223 1413 1311 est.*)

257 1329 307 1394 Ne
331 1331 416 1395 enim
437 1331 475 1396 de
494 1328 693 1398 LVBETES
713 1331 874 1416 scriptura
893 1332 1025 1416 cogites,
1048 1329 1109 1395 hoc
1129 1329 1295 1395 dissuadet
1311 1332 1413 1416 quod,

258 1437 318 1502 ctsi
352 1438 418 1503 suis
451 1439 652 1522 temporibus
685 1439 808 1504 usitata
844 1437 975 1503 fuerunt
1007 1435 1141 1502 OOSOL
1178 1435 1412 1506 OOSOLERE

257 1542 398 1609 bascli
420 1543 648 1611 LANGESES
672 1543 902 1610 TERMESES
926 1549 959 1610 et
982 1544 1115 1628 similia,
1142 1547 1179 1610 ut
1206 1545 1241 1608 in
1265 1544 1412 1612 Pollano

257 1651 354 1716 titulo
379 1650 609 1737 COSENTIA,
640 1675 700 1718 nec
727 1653 885 1718 inusitata
908 1649 1074 1717 OOIVNX
1103 1652 1155 1716 rel
1178 1649 1413 1738 QVIOTILIS,

256 1763 368 1824 tamen
391 1764 466 1826 ante
491 1765 502 1824 t
524 1761 660 1827 extritae
683 1782 705 1826 a
728 1761 857 1826 litterae
881 1759 1080 1844 exemplum,
1103 1760 1199 1845 quale
1222 1759 1410 1827 DEDROT

257 1867 337 1931 illud
362 1872 412 1932 est
435 1867 470 1932 in
492 1868 718 1933 vetustissima
737 1867 935 1950 Pisaurensi,
958 1867 1024 1932 ista
1047 1866 1175 1951 quidem
1199 1870 1290 1932 actas
1316 1869 1411 1954 igno

256 1977 316 2038 rat.
363 1973 452 2049 Quod
477 1994 578 2060 genus
603 1975 683 2039 satis
707 1974 773 2040 lata
796 1979 912 2059 patens
936 1973 989 2038 hic
1011 1975 1162 2058 persequi
1185 1973 1326 2057 longum
1351 1979 1411 2058 est,

255 2081 447 2163 praesertim
471 2103 544 2146 cum
568 2081 691 2165 aliquid
716 2081 939 2165 explicandum
963 2083 1063 2145 restet
1086 2103 1149 2166 quo
1174 2083 1411 2166 supraposita

256 2185 295 2250 de
323 2185 464 2252 miliario
492 2187 674 2273 Popilliano
707 2187 885 2272 disputatio
915 2187 1118 2271 suppleatur:
1155 2187 1241 2272 quod
1273 2187 1409 2272 quidem

256 2293 296 2358 ad
321 2290 667 2370 OONQVAEISIVEI
697 2295 835 2360 formam
864 2297 999 2379 spectat.
1044 2293 1094 2358 Ac
1121 2295 1160 2360 de
1188 2294 1409 2382 triphthongo

255 2399 315 2464 illa
336 2422 402 2466 non
430 2401 534 2467 habeo
564 2401 648 2486 quod
677 2401 807 2466 addam:
839 2401 966 2486 quando
994 2400 1029 2466 in
1058 2401 1268 2486 inscriptione
1297 2405 1409 2490 sepul-

255 2507 334 2572 crali
367 2509 452 2592 apud
483 2508 608 2595 Lupum
646 2507 751 2576 Screr.
783 2513 878 2574 mart.
911 2533 941 2593 p.
965 2509 1007 2576 88
1041 2511 1074 2573 ct
1096 2509 1140 2573 94
1172 2531 1237 2575 non
1269 2533 1408 2594 possum

255 2613 504 2683 OAEIOILIVS
537 2618 732 2702 scripturam
773 2639 844 2682 curn
877 2615 1065 2681 Furlanctto
1098 2636 1285 2699 agnoscere.
1345 2607 1408 2684 ¹Sed

256 2722 332 2788 dum
361 2723 394 2788 in
421 2724 484 2790 hoc
510 2747 632 2808 moror,
665 2723 787 2788 oblitus
816 2746 887 2788 sum
916 2722 955 2786 de
978 2722 1050 2806 ipsa
1073 2720 1407 2799 OONQVAESIVEI

255 2829 361 2894 torma
385 2829 490 2894 dicere
513 2852 571 2913 pro
589 2831 779 2912 conquisierat
801 2830 923 2916 posita:
946 2829 1074 2912 quando
1093 2829 1173 2895 haec
1191 2851 1322 2916 quoquc
1342 2855 1407 2899 non

255 2936 319 3001 lesi
343 2935 549 3020 antiquitatis
573 2937 693 3002 indicio
722 2941 781 3001 est.
826 2935 944 3020 Quam,
973 2935 1000 3000 si
1029 2935 1171 3012 librariis
1198 2935 1279 3002 fides
1308 2946 1407 3022 essct,

255 3045 332 3128 post
359 3041 510 3108 Plautum
543 3067 562 3109 a
594 3044 721 3110 nemine
754 3066 823 3109 esse
857 3047 1046 3128 usurpatam
1080 3044 1272 3116 cudendum
1311 3051 1406 3114 esset

256 3134 459 3235 Quamquam
482 3173 546 3216 non
571 3171 724 3237 magnam
747 3173 818 3216 eam
842 3149 937 3215 fldem
961 3171 1045 3234 esse,
1072 3149 1135 3234 ipsi
1159 3149 1304 3218 Plautini
1328 3153 1407 3220 libri

344 3379 370 3449 Ι”)
390 3379 577 3452 [Contrarium
597 3379 697 3436 statuit
715 3380 884 3436 Ritschelius
903 3381 933 3435 P.
949 3381 979 3434 L.
996 3381 1032 3436 Μ.
1049 3379 1079 3435 Ε.
1099 3380 1194 3435 Enarr.
1214 3399 1241 3450 p.
1254 3387 1303 3437 46:
1326 3383 1405 3438 ‘Vct-

256 3469 298 3524 ani
318 3477 333 3524 6
358 3473 482 3525 cxtrcmo
506 3469 619 3526 additae
637 3470 664 3524 N
687 3469 811 3538 litterae,
836 3487 920 3540 quarn
939 3469 1064 3525 Henaeni
1081 3487 1145 3524 cam
1164 3470 1193 3524 in
1212 3469 1405 3529 «Bullettino»

256 3561 335 3616 Rom.
355 3577 380 3615 a.
393 3564 460 3614 1845
474 3578 501 3629 p.
514 3567 545 3614 71
566 3563 627 3614 turn
645 3559 673 3614 iu
689 3560 785 3616 Museo
798 3559 887 3615 Rhcn.
906 3563 926 3616 t.
942 3560 967 3614 V
985 3579 1012 3630 p.
1027 3567 1061 3615 70
1080 3559 1209 3630 exempla
1226 3559 1405 3630 xylograpba

256 3651 402 3721 praestant
420 3648 596 3718 servavitque
614 3648 688 3703 idem
708 3649 792 3704 Orell.
812 3651 833 3703 t.
853 3648 891 3702 ΙΙΙ
909 3668 935 3704 n.
952 3655 1030 3719 573³,
1049 3649 1156 3706 nullum
1175 3650 1204 3704 in
1223 3648 1281 3704 ullo
1302 3652 1405 3720 ectypo

256 3738 353 3810 (habui
376 3739 471 3793 autern
493 3737 557 3806 tria)
586 3737 735 3808 vestigium
759 3737 878 3808 repperi.
920 3737 1077 3810 Vtreapso
1100 3740 1234 3810 scriptum
1258 3754 1319 3792 esso
1344 3739 1404 3794 LV·
1487 3745 1493 3756 '

257 3827 372 3883 BETES
391 3827 527 3895 videatur,
547 3829 644 3882 contra
662 3829 748 3896 atque
762 3827 835 3882 Mon.
851 3827 937 3898 epigr.
956 3829 991 3884 tr.
1015 3847 1041 3898 p.
1060 3835 1092 3882 ‘21
1113 3827 1260 3898 opinabar:
1290 3827 1404 3896 quando

255 3935 311 3973 non
325 3917 418 3989 prisca
435 3919 544 3973 lantum
563 3918 657 3972 aetate
671 3915 821 3972 DEDROT
840 3919 870 3972 et
882 3916 1001 3972 fortasse
1016 3917 1177 3983 EMERVT,
1196 3915 1246 3972 ced
1260 3916 1347 3972 ctiam
1362 3933 1404 3972 rc·

256 4008 379 4064 cautiore
404 4007 508 4063 Vicetia
526 4005 756 4074 (VEIOETINOS
779 4005 866 4076 habes
889 4006 946 4061 tab.
961 4006 1010 4060 LV
1025 4007 1057 4074 B)
1082 4005 1217 4076 scriptum
1244 4009 1300 4074 est,
1327 4009 1358 4062 et
1380 4005 1404 4058 si

256 4111 327 4166 quac
347 4099 411 4151 sunt
429 4095 533 4150 similia
551 4098 584 4151 ut
601 4095 767 4150 PARETES
786 4093 1050 4150 vuarmatiam!
1077 4093 1182 4160 Quibus
1201 4093 1273 4150 addc
1288 4093 1318 4148 in
1333 4093 1403 4164 Sup-

233 4185 340 4264 ‘plena
356 4184 452 4242 Enarr.
471 4204 497 4256 p.
516 4191 565 4240 105
584 4184 700 4255 scripta:
721 4183 829 4238 ‘Euam
848 4202 874 4253 p.
885 4189 920 4238 46
939 4199 994 4238 uon
1013 4187 1088 4239 recte
1107 4183 1179 4239 sensi
1194 4183 1228 4238 de
1240 4181 1403 4238 VEICETI·

258 4273 329 4328 NOS
348 4273 498 4344 scriptura,
526 4291 610 4344 quam
630 4273 721 4344 ipsam
740 4289 835 4328 veram
855 4275 883 4328 et
901 4273 1046 4342 antiquam
1065 4271 1185 4328 nominis
1203 4271 1322 4326 formam
1342 4287 1402 4326 essa

257 4381 321 4418 cum
340 4361 390 4416 clii
408 4362 561 4418 docuerant
578 4381 596 4419 a
613 4381 657 4419 me
677 4361 799 4433 neglecti
812 4365 872 4418 turn
886 4361 983 4418 dedita
997 4377 1083 4432 opera
1096 4364 1201 4418 memet
1214 4359 1402 4416 Mommsenas
1422 4349 1425 4356 ’

257 4450 371 4508 edocuit
388 4451 477 4508 Musei
495 4452 583 4510 Rhcn.
603 4455 622 4509 t.
643 4451 707 4506 XVI
725 4470 752 4522 p.
767 4456 818 4506 30³
834 4451 887 4522 sq.'
926 4449 955 4505 C.
970 4449 1027 4522 W]
