3254 5090
484 371 773 450 oesusvarrouns
797 399 1066 448 percurrerem.
1279 381 1345 446 443

201 544 278 610 GIA
289 580 295 593 ·
306 545 362 610 PR
379 545 391 630 ΙΙ
407 543 454 609 IN
458 543 611 610 OIPIVM
622 580 628 592 ·
639 543 852 609 FVIT·PRO
863 542 1057 620 ·'PRIBV·Q
1068 577 1074 590 ·
1085 537 1345 625 FABIVS-effi,

201 651 253 716 his
276 652 309 716 in
332 653 436 737 primo
461 675 556 716 versu
579 651 658 716 haec
686 651 879 737 respondere
907 651 1110 716 tribunorum
1134 649 1266 714 nomina
1288 670 1344 732 po·

200 763 304 823 tuere:
335 753 987 824 C·ANTONIVS·M·F·CN·CORNE
1006 755 1017 839 ΙΙ
1034 753 1344 821 eivs-cura·

199 863 431 930 HOSTILIVS
441 899 449 914 ·
459 863 502 928 L·
524 863 535 946 ΙΙ
559 861 866 929 F·O·POPILIVS
877 899 882 912 ·
895 862 1035 928 cll-M
1045 899 1052 912 ·
1063 863 1152 928 VAL
1168 864 1180 948 l
1196 862 1346 929 ERIVS·

199 968 731 1047 miscendorum-oe:
770 970 985 1053 adscriptores
1015 970 1098 1055 legis
1126 975 1163 1035 ut
1191 968 1226 1035 Ο.
1244 969 1345 1035 Ante·

198 1078 272 1142 nius
295 1099 363 1142 non
385 1079 460 1142 octo
483 1080 520 1141 ut
542 1077 576 1140 in
601 1076 764 1161 superiore
786 1077 941 1161 exemplo,
965 1076 1020 1142 sed
1044 1098 1096 1141 sex
1121 1079 1248 1141 tautum
1273 1085 1346 1142 conl

199 1185 290 1268 legas
315 1182 496 1249 adsciverit.
532 1182 650 1249 Vtrum
674 1186 818 1267 praestet
841 1183 868 1248 si
892 1183 1081 1268 quaesicris,
1103 1183 1191 1248 haud
1215 1184 1281 1249 ecio
1305 1205 1346 1248 au

199 1313 265 1356 non
289 1292 460 1357 satistuto
480 1313 518 1356 ex
537 1313 575 1356 co
595 1293 879 1376 argumentaturus
898 1291 956 1374 sis,
980 1290 1065 1375 qnod
1084 1294 1178 1356 notas
1196 1312 1236 1355 ne
1255 1313 1346 1375 prae-

199 1397 315 1464 cedens
344 1397 472 1484 quidem
502 1397 644 1464 formula
670 1399 705 1462 in
733 1419 807 1464 aere
835 1398 1003 1482 receperit,
1036 1398 1069 1463 id
1097 1398 1182 1482 quod
1213 1399 1346 1482 eplene

198 1506 379 1590 perscripta
401 1503 580 1570 PnnBuM
603 1525 680 1570 voce
703 1505 918 1590 cognoscitur.
954 1504 1041 1569 Nam
1065 1506 1168 1570 altera
1193 1527 1231 1570 ex
1253 1509 1346 1589 parte

198 1635 264 1678 non
289 1614 370 1678 levis
393 1612 638 1698 probabilitatis
666 1611 789 1696 species
818 1611 898 1675 haec
925 1611 959 1674 in
987 1616 1142 1696 promptu
1165 1615 1228 1696 est,
1260 1613 1345 1696 quod

198 1721 297 1785 etiam
322 1721 464 1804 aegrius,
492 1719 608 1802 quibus
635 1718 732 1783 rebus
757 1720 911 1801 quattuor
934 1717 1079 1802 tabulae,
1110 1739 1205 1804 quam
1229 1719 1345 1802 quibus

198 1832 264 1892 tres
296 1826 451 1911 compleri
483 1824 662 1909 potuerint,
694 1822 908 1909 intellegitur,
939 1829 1112 1910 postquam
1144 1825 1346 1911 gravissimis

198 1933 361 1998 beneficiis
384 1937 417 1997 et
439 1932 701 1997 immunitatibus
716 1931 928 1996 Thermenses
947 1933 1012 1996 iam
1030 1933 1144 1998 tabula
1163 1933 1269 2016 prima
1287 1933 1345 1998 im-

198 2039 338 2123 pertivit.
358 2085 367 2102 .
386 2037 492 2124 Atque
516 2039 547 2103 id
571 2037 678 2124 ipsum
702 2037 881 2103 Dirksenus
909 2038 988 2104 adeo
1017 2061 1050 2104 se
1080 2039 1271 2126 intellegere
1294 2063 1347 2105 ne-

198 2145 290 2231 gavit
312 2146 332 2210 l.
355 2169 380 2211 s.
403 2168 428 2210 s.
454 2169 485 2230 p.
507 2145 584 2229 142,
616 2147 653 2209 ut
679 2167 842 2229 perpauca
868 2151 943 2230 post
974 2168 1043 2210 eam
1066 2146 1213 2211 tabulam
1236 2146 1399 2212 deessexv

198 2275 293 2337 posse
320 2252 361 2317 ed
389 2251 605 2316 Thermenses
634 2253 814 2336 spectantia
842 2253 1070 2336 ratiocinatus,
1103 2258 1226 2318 ceteras
1255 2259 1346 2337 quot-

199 2364 278 2443 quot
297 2359 436 2424 fuisscnt
453 2359 584 2425 tabulas
604 2359 645 2424 ad
664 2359 746 2424 elias
764 2359 928 2444 quaslibet
947 2360 1065 2424 liberas
1085 2360 1233 2424 civitates
1249 2359 1346 2426 Asiae

197 2465 391 2550 pertinuisse
421 2466 483 2530 sibi
511 2466 720 2550 persuaderet
751 2465 862 2530 eadem
891 2488 964 2530 cum
992 2463 1245 2532 Thermensibus
1274 2467 1346 2553 lege

198 2572 455 2656 comprehensas.
513 2573 589 2638 Non
620 2572 820 2637 infructuose
852 2572 993 2638 fortasse
1029 2572 1110 2636 illud
1146 2573 1185 2637 de
1217 2573 1345 2658 integro

199 2683 379 2764 quaeretur,
401 2701 478 2744 num
504 2701 586 2764 quae
608 2679 823 2763 probabiliter
845 2677 994 2764 indagari
1013 2679 1188 2788 divinando
1208 2681 1346 2766 possint,

199 2808 280 2870 quae
303 2786 490 2850 constitutis
517 2786 553 2850 in
580 2786 685 2870 prim'a
708 2786 823 2851 tabula
849 2786 974 2852 iuribus
998 2786 1165 2851 commode
1187 2809 1272 2854 nova
1296 2813 1346 2855 ac·

199 2895 369 2959 cesserint:
394 2893 449 2958 sed
473 2893 601 2958 etiamsi
624 2893 722 2958 talem
744 2915 875 2978 operam
894 2892 1052 2958 destituat
1070 2899 1213 2974 eventus,
1236 2901 1345 2964 tamen

75 3027 79 3034 ·
198 3001 351 3066 Dirlrseni
374 2999 503 3084 quidem
527 2999 711 3065 coniectura
739 3000 790 3065 vel
813 3001 875 3066 hoc
898 3022 962 3066 uno
986 3005 1176 3085 argumento
1199 3003 1264 3068 nisi
1287 3004 1345 3069 fal-

198 3107 295 3172 limur
314 3108 394 3173 satis
413 3107 627 3193 redarguitur,
651 3108 736 3193 quod
756 3107 794 3172 de
813 3107 1033 3192 compluribus
1053 3109 1241 3174 civitatibus
1259 3110 1346 3177 latae

198 3213 264 3299 legi
297 3215 349 3278 vix
381 3216 489 3300 potuit
516 3214 557 3279 ab
586 3237 650 3279 una
678 3214 923 3280 Thermensium
956 3215 1088 3280 civitate
1117 3237 1236 3282 nomen
1263 3219 1346 3284 fieri:

199 3320 274 3403 quid
304 3321 390 3384 enim
414 3321 464 3384 vel
488 3341 620 3384 caussae
648 3321 698 3384 vel
726 3320 861 3384 rationis
889 3320 988 3384 fuisse
1017 3319 1161 3386 dicamus
1185 3345 1241 3387 cur
1264 3327 1345 3388 tam·

199 3447 298 3510 quam
322 3425 507 3510 appendicis
530 3426 601 3491 loce
625 3430 753 3490 tantum
777 3429 901 3490 ceterae
931 3426 982 3490 vel
1006 3426 1193 3492 accederent
1216 3429 1267 3493 vel
1290 3429 1345 3494 ha-

199 3519 373 3596 berentur?
419 3531 522 3616 Atqui
551 3529 1134 3598 Iba-TERMESLPISIDMAI
1167 3536 1346 3621 praescrip-

199 3641 268 3702 tum
294 3637 398 3701 estin
421 3638 550 3703 indice
573 3638 705 3704 tabulae
728 3641 853 3723 primae
877 3636 1034 3725 (minime,
1062 3641 1147 3725 quod
1171 3642 1234 3708 sibi
1257 3643 1345 3732 visus

200 3747 250 3809 est
272 3741 492 3828 Goettlingius
515 3745 636 3830 legere,
660 3743 680 3810 le
704 3744 794 3832 DE):
824 3745 908 3812 unde
932 3768 1129 3833 consequens
1158 3771 1229 3813 csse
1251 3753 1289 3813 ut
1311 3749 1345 3813 in

199 3851 304 3916 altera
327 3851 484 3934 scriptum
503 3852 606 3919 fuerit
628 3851 1104 3921 nummularis-MAI
1128 3859 1160 3920 et
1183 3855 1230 3920 sic
1247 3875 1345 3939 porro

198 3958 233 4023 in
265 3957 413 4042 reliquis,
450 3958 547 4024 solita
580 3960 827 4043 argumentandi
860 3961 1020 4026 evidentia
1053 3961 1176 4046 pridem
1209 3959 1344 4025 Momm-

199 4088 294 4131 senus
324 4065 558 4130 demonstrarit
585 4063 673 4130 Diar.
697 4065 795 4150 antiq.
819 4067 840 4130 l.
864 4089 888 4131 s.
912 4089 936 4131 s.
959 4089 990 4150 p.
1012 4067 1082 4132 108.
1129 4067 1199 4144 Quo
1223 4068 1346 4134 corruit

199 4195 276 4238 sane
299 4174 399 4238 ctiam
422 4172 565 4238 Puchtee
589 4173 764 4256 sententia,
793 4175 1006 4256 praemissum
1035 4175 1098 4259 legi
1123 4173 1274 4239 Sabaeae
1297 4174 1345 4238 in-

198 4277 301 4344 dicem
321 4277 634 4355 VIII-Dmxxu
659 4301 724 4344 non
748 4285 888 4344 octauum
912 4281 994 4364 legis
1016 4281 1187 4363 decepisti
1208 4286 1339 4362 quaesto·

199 4385 284 4450 rebus
302 4387 446 4450 tabulam
465 4386 710 4470 interpretantis
730 4386 921 4469 simpliciter
934 4387 1180 4452 Institutionum
1195 4387 1211 4451 Ι
1226 4409 1255 4472 p.
1270 4389 1345 4474 320,

200 4488 255 4553 sed
277 4495 406 4574 practer
428 4493 588 4559 rationem
611 4497 709 4578 caput
731 4495 881 4559 octavum
904 4493 988 4579 legis
1015 4492 1053 4558 de
1078 4493 1192 4559 scribis
1216 4493 1343 4560 viatori-
