3166 5084
293 363 336 426 22
652 371 873 420 nrmnmuvu
896 369 1080 418 uarnrovu

294 519 455 602 Martialis
478 517 705 601 Iuvenalisque
730 515 882 600 aequales
902 513 1067 578 Welckeri
1091 514 1261 600 diligentia
1283 511 1448 596 composi·

293 632 345 692 tos
365 625 502 692 (lanium
525 623 655 708 Rufum,
678 621 860 687 Varronem
886 619 1053 708 quendam,
1077 619 1232 686 Scaevam
1255 619 1449 703 Memorem,

294 733 446 814 Bassum,
474 727 641 812 Paccium,
668 726 838 812 Faustum,
869 725 1056 798 Rubrenum
1079 725 1234 813 Lappam.
1279 726 1360 793 (lum
1391 726 1449 791 his

294 840 359 904 iam
374 858 527 920 compara
541 835 622 900 mihi
641 835 755 900 comici
775 835 902 920 generis
918 835 1075 900 rationes:
1099 835 1132 899 in
1151 857 1215 921 quo
1235 835 1289 922 qui
1309 857 1451 901 scaenae

296 967 428 1030 operam
451 943 584 1026 dederit,
607 942 733 1006 nullum
756 945 887 1026 poetam
910 942 1055 1006 norimus
1078 941 1245 1007 Fundanio
1268 943 1325 1008 illo
1339 941 1450 1007 Hora·

295 1054 386 1118 tiano
410 1051 635 1136 posteriorem,
659 1051 714 1134 qui
738 1049 920 1114 recitationi
945 1049 1152 1134 consuluerit,
1174 1051 1300 1114 nullum
1315 1049 1450 1116 VERGI-

296 1179 357 1226 nlo
373 1160 534 1240 Romana,
553 1158 592 1222 de
607 1179 671 1242 quo
691 1157 771 1220 haec
785 1155 909 1221 Plinius
925 1153 1097 1240 Secundae,
1120 1155 1280 1222 Martialis
1300 1157 1451 1242 aequalis

296 1266 352 1330 ille
381 1270 414 1330 et
441 1265 578 1349 amicus,
611 1263 754 1348 prodidit
786 1263 927 1346 epistula
956 1262 996 1326 ad
1021 1259 1192 1328 Caninium
1225 1264 1282 1328 lib.
1305 1263 1365 1348 VI,
1389 1264 1451 1328 21:

296 1373 398 1454 Aura
425 1373 499 1437 adeo
527 1391 625 1453 nuper
650 1371 740 1434 audii
763 1369 942 1453 Verpinium
965 1369 1144 1434 Romnum
1165 1371 1278 1453 pareds
1304 1371 1452 1455 lepmtcm

297 1479 483 1544 acinoedlom
505 1479 549 1543 ad
569 1477 726 1560 cnenrplar
747 1477 855 1541 aceris
877 1476 1045 1540 mmoedrae
1062 1478 1210 1560 scriptam
1228 1482 1293 1542 tam
1311 1477 1390 1562 baie,
1415 1484 1454 1542 ut
1567 1477 1568 1484 ’

298 1607 361 1652 esse
393 1585 572 1667 plaudoque
597 1585 699 1667 possit
729 1583 892 1666 eucapiae.
944 1581 1053 1646 Nescia
1089 1603 1133 1647 aa
1166 1585 1255 1652 noris
1286 1584 1453 1668 mainan,

298 1713 486 1776 quamquam
513 1713 600 1757 riassc
622 1693 721 1756 debes:
745 1695 789 1756 cst
810 1692 893 1754 enim
914 1691 1067 1773 probitate
1089 1711 1224 1776 morum,
1253 1693 1371 1775 inperii
1393 1693 1451 1757 cle-
1567 1687 1568 1708 ¹

295 1803 416 1886 pontia,
434 1821 563 1884 ,merum
581 1801 728 1864 uarietate
745 1797 963 1864 marstratilis.
989 1797 1122 1880 Scripsit
1139 1799 1333 1864 ncimiumbos
1351 1801 1451 1864 terced-

300 1915 352 1990 tcr,
375 1912 495 1992 arpesia,
522 1911 643 1972 onerate
665 1911 755 1988 atqua
782 1907 817 1969 in
839 1905 895 1969 lice
913 1925 1021 1986 penere
1043 1905 1299 1986 eloquentissime:
1326 1905 1452 1971 nullium

301 2020 345 2081 cst
366 2017 448 2079 enim
467 2035 573 2098 penus,
595 2014 676 2096 qnod
693 2013 866 2077 absolutum
888 2031 951 2076 ncn
967 2013 1069 2093 possit
1085 2012 1361 2091 elaqueatissimum
1379 2015 1451 2080 dici.

301 2121 464 2203 Scripsit
490 2121 694 2186 comoedias
716 2117 969 2182 Menandrum
996 2119 1164 2200 aliosque
1190 2121 1326 2184 celatis
1353 2121 1451 2185 cius·

302 2229 378 2294 dem
410 2227 634 2301 aeniulatum
673 2225 761 2290 licet
791 2224 857 2288 aas
893 2225 990 2288 inter
1021 2225 1223 2290 Plautinas
1257 2226 1452 2292 Terentia-

302 2355 441 2416 nasque
467 2354 641 2398 numeras
688 2332 782 2396 Nauia
799 2332 941 2413 primum
968 2352 999 2395 sc
1025 2332 1060 2394 in
1083 2337 1177 2397 cetere
1203 2333 1367 2412 comantia,
1399 2336 1455 2400 sad

302 2463 366 2507 nan
389 2447 547 2524 tamquam
570 2441 728 2523 inciperet,
760 2439 898 2504 ostendit.
945 2439 1019 2503 Non
1040 2439 1091 2503 illi
1112 2441 1173 2523 aia,
1195 2461 1258 2504 non
1277 2441 1453 2524 prarrdilas‚

302 2569 365 2613 nan
387 2547 554 2630 subtilitas,
585 2565 656 2612 noa.
675 2545 865 2625 amaritudo,
896 2565 959 2610 nan
986 2547 1121 2625 duneda,
1149 2567 1212 2610 non
1235 2547 1315 2629 lepos
1337 2548 1451 2628 desuil;
1567 2621 1568 2628 ἵ

303 2656 426 2721 ornauit
451 2655 590 2736 virtutes,
618 2655 781 2718 insectatus
807 2653 963 2730 astuitia,
995 2655 1075 2718 ueris
1101 2653 1277 2719 nominihus
1308 2655 1453 2732 uenum,
1567 2721 1568 2726 ,

303 2761 383 2843 fictis
404 2781 480 2825 risus
503 2765 546 2824 csl
567 2765 644 2842 apte.
691 2757 744 2822 Sic
767 2759 852 2822 enim
875 2759 1165 2844 transponendum,
1198 2781 1270 2825 cum
1300 2760 1453 2844 vulgetur
1567 2807 1568 2812 η

303 2868 383 2949 fiolis
412 2865 589 2930 nominibus
618 2867 761 2941 decenter,
801 2864 881 2928 ueras
907 2883 982 2928 usus
1009 2869 1052 2929 est
1087 2872 1163 2948 apte.
1215 2865 1315 2931 Vides
1347 2866 1453 2931 homi-

304 2995 380 3038 nem
404 2975 455 3037 sat
479 2971 595 3036 similis
616 2993 687 3034 cum
703 2969 883 3053 Pomponio
907 2968 1044 3035 Bassulo
1073 2973 1282 3058 condicionis,
1316 2995 1453 3059 eumque

307 3079 358 3145 vel
390 3079 489 3163 primi
521 3081 597 3162 post
625 3076 796 3144 Christum
832 3080 945 3141 natum
982 3077 1102 3143 saeculi
1136 3079 1187 3144 rel
1225 3079 1366 3144 ineuntis
1404 3103 1452 3146 se·

306 3185 410 3252 eundi.
443 3184 572 3250 Vixerit
594 3183 672 3248 licet
695 3183 861 3268 aliquanto
881 3187 957 3268 post
975 3183 1187 3268 Pomponius:
1211 3187 1266 3251 sed
1286 3187 1362 3271 quid
1380 3189 1453 3252 tau-

307 3295 379 3358 dem
404 3297 454 3358 est
477 3314 533 3357 cur
556 3290 597 3356 ab
621 3291 679 3355 illo
703 3291 823 3376 integri
851 3291 971 3356 saeculi
995 3291 1167 3358 intervallo
1192 3291 1397 3379 disiungatur
1422 3297 1455 3358 et

307 3423 380 3465 cum
418 3398 546 3465 Serenis
577 3396 803 3482 Sammonicis,
840 3394 1059 3482 Nemesianis,
1097 3398 1280 3484 Calpurniis
1314 3401 1454 3467 societur

308 3505 518 3572 dissimillimi
536 3503 660 3589 ingenii
679 3503 806 3586 poetis‘l
829 3501 875 3567 At
893 3503 1039 3568 obsoleta
1057 3504 1156 3588 prisci
1175 3507 1333 3574 sermonis
1352 3513 1452 3573 secta·

234 3643 294 3683 vm
308 3617 361 3679 tus
386 3617 444 3678 ert.
482 3611 565 3688 Quid
589 3611 719 3676 autem?
756 3610 974 3675 Alexandrina
999 3607 1116 3696 Severi,
1139 3611 1304 3698 Gordiani,
1327 3613 1453 3680 Diocle·

306 3721 391 3786 'tiani
420 3720 585 3785 saeculum
613 3717 854 3782 resuscitandas
888 3717 1093 3800 antiquitatis
1127 3719 1235 3784 studia
1262 3721 1320 3786 illa
1352 3721 1454 3786 vidit?

310 3849 351 3893 an
374 3825 534 3892 Hadriani
558 3826 667 3910 potius
685 3823 990 3908 Antoninorumquc
1014 3827 1119 3890 aetate
1142 3823 1175 3892 N
1177 3828 1338 3914 aeviauae,
1360 3827 1455 3894 Plau·

310 3934 412 4018 tinae,
434 3931 604 3998 Ennianus
628 3933 696 3996 sive
716 3932 796 3996 artie
817 3931 883 3995 sive
903 3932 1089 4014 asperitatis
1110 3933 1271 4000 illecebris
1293 3936 1454 4001 affectatis

310 4063 402 4106 suam
426 4041 605 4105 orationem
625 4039 756 4105 condire
779 4043 813 4104 et
832 4037 1012 4122 aequalium
1032 4039 1121 4104 velut
1138 4039 1326 4108 hebescenti
1343 4043 1453 4128 palato
1567 4041 1568 4052 ’

311 4147 536 4214 commendare
560 4169 631 4212 cum
650 4147 775 4231 Galliis,
794 4145 1022 4230 Frontonibas,
1046 4145 1214 4230 Appuleiis
1237 4153 1353 4234 poetae
1377 4172 1453 4234 quo·
1567 4221 1568 4228 χ

311 4277 373 4338 que
397 4253 591 4338 coeperunt?
629 4254 742 4338 Apage
766 4252 870 4338 igitur
893 4251 1026 4317 tertium
1049 4255 1210 4319 saeculum
1238 4277 1255 4318 e
1279 4257 1348 4322 sola
1370 4257 1452 4321 litte·
1567 4255 1568 4260 ’

311 4383 420 4426 rarum
444 4362 563 4445 specie,
586 4359 613 4424 si
638 4359 887 4426 Mommsenium
911 4359 1073 4444 audimus,
1097 4362 1344 4428 consectarium:
1374 4385 1454 4449 quae

311 4469 448 4533 multum
474 4491 585 4534 vercor
614 4472 649 4532 ut
677 4467 803 4532 dimidii
831 4465 952 4531 saeculi
981 4465 1165 4536 discrimine
1194 4473 1261 4534 tam
1290 4471 1339 4535 sui
1363 4469 1454 4535 dissi·
1567 4503 1568 4520 ι
