3116 5066
299 376 361 441 116
574 395 798 444 norvanum
821 394 1056 444 arranrrfflcr
1080 395 1170 442 rure.

295 535 412 620 graphi
435 538 540 602 nostri
567 542 637 602 arte
666 545 699 604 et
726 539 885 604 industria
913 541 1064 623 paratum
1092 560 1165 604 eum
1188 558 1245 622 per
1268 537 1435 603 academici

296 640 394 706 officii
415 645 691 728 opportunitatem
710 645 797 710 haud
816 645 925 730 inepte
943 645 1032 712 foras
1051 645 1120 711 dari
1140 642 1295 730 videntur,
1313 649 1435 710 tantum

295 748 334 812 dc
358 755 538 836 ternpore
567 739 663 817 facti
694 753 789 818 olim
812 753 926 818 tituli
949 775 1008 818 nec
1030 752 1192 818 inutiliter
1215 752 1326 834 quaeri
1348 756 1435 837 puta-

288 877 368 922 mus
397 861 430 922 ct
457 859 624 944 aliquanto
653 861 752 926 etiam
779 861 963 926 distinctius
995 881 1092 944 quam
1116 855 1221 924 adhuc
1247 858 1437 924 factumest

295 987 392 1048 posse
416 967 517 1032 statui
540 968 768 1056 intellegimus.
810 968 856 1034 Et
879 967 1094 1052 antiquiorem
1118 965 1246 1050 quidem
1270 988 1354 1031 anno
1377 963 1437 1030 654
1531 1041 1532 1044 Ἴ

296 1093 375 1158 esse,
398 1075 450 1140 eui
474 1079 594 1142 temere
618 1077 849 1162 interpolatum
867 1076 966 1161 vulgo
990 1075 1149 1158 tribuunt,
1172 1073 1284 1138 multis
1303 1072 1437 1138 luculen-
1531 1059 1532 1140 i

295 1179 403 1265 tisque
426 1185 627 1268 argumentis
651 1183 764 1250 docere
788 1184 858 1270 ipse
882 1205 987 1248 sermo
1005 1187 1149 1268 poterat:
1174 1203 1312 1266 quorum
1331 1181 1358 1246 si
1377 1181 1436 1246 alia

296 1287 378 1374 aliis,
401 1290 458 1355 ubi
481 1312 539 1375 per
562 1313 596 1356 se
620 1291 751 1378 singula
774 1290 982 1376 spectaretis,
1004 1289 1115 1376 paullo
1134 1289 1187 1357 vel
1210 1289 1350 1354 certiora
1368 1291 1437 1352 suut
1531 1287 1532 1374 }

296 1395 347 1460 vel
370 1395 557 1482 incertiora,
584 1402 696 1463 tamen
723 1420 789 1464 non
817 1402 928 1484 potest
949 1421 1016 1463 non
1039 1397 1216 1484 plurimum
1239 1395 1347 1460 valere
1369 1417 1435 1460 cou-

298 1502 409 1568 iuncta
426 1503 476 1569 vis
507 1504 658 1570 omnium.
704 1505 851 1572 Vertitur
880 1510 989 1570 autem
1017 1504 1093 1569 hine
1117 1503 1214 1568 ducta
1236 1501 1436 1569 ratiocinatio
1531 1561 1532 1590 ;

295 1611 330 1675 in
357 1609 409 1675 his
442 1633 525 1695 quae
557 1611 643 1678 iufra
676 1614 770 1698 posui
804 1612 990 1678 vetustioris
1023 1611 1197 1677 latinitatis
1230 1609 1437 1675 documentis:

294 1715 557 1784 NOVOERIAM
593 1741 653 1804 pro
690 1718 754 1784 NV
755 1717 924 1786 OERIAM
957 1717 1009 1784 vel
1046 1713 1279 1783 NOOERIAM
1316 1715 1437 1800 scripto,

296 1821 501 1890 POSEIVEI
525 1848 584 1912 pro
603 1823 739 1910 Posui,
761 1825 818 1891 AF
838 1823 985 1892 OAPVA
1008 1847 1067 1910 pro
1087 1823 1145 1888 AB
1165 1821 1323 1907 OAPVA,
1346 1820 1436 1888 CON-

296 1930 552 2008 QVAEISIVEI
584 1955 643 2018 pro
677 1930 1006 2009 (IONQVAESIVEI
1040 1931 1091 1996 vel
1120 1926 1437 2011 OONQVAISIVEI,

295 2036 477 2104 POPLIOO
496 2038 704 2106 POPLIOAS
728 2063 786 2126 pro
806 2037 993 2106 PVBLICO
1012 2035 1237 2121 PVBLICAS,
1260 2034 1437 2102 PAASTO·

295 2143 378 2208 Rus
402 2166 462 2228 pro
486 2142 721 2231 PASTORES,
750 2144 870 2211 SVMA
893 2169 952 2232 pro
981 2142 1137 2210 SVMMA
1164 2139 1238 2208 cuni
1266 2143 1436 2209 similibus:
1531 2205 1532 2220 ,

296 2252 413 2335 quibus
437 2252 632 2317 contrariam
656 2253 722 2318 vim
750 2253 850 2319 habet
872 2253 999 2320 adiecta
1021 2252 1055 2316 in
1078 2250 1311 2317 vocabulorum
1335 2249 1437 2316 termi·
1531 2313 1532 2334 ,

296 2359 427 2424 natione
457 2359 492 2425 M
519 2359 638 2426 littera.
682 2357 797 2425 Dicam
826 2360 864 2426 de
891 2360 942 2425 his
973 2359 1181 2445 singillatim,
1209 2358 1265 2424 sed
1293 2358 1437 2438 breviter,

296 2468 328 2530 et
354 2467 447 2531 utin
471 2468 673 2553 gravissimis
696 2467 948 2552 certissimisque
972 2467 1126 2532 desinam.

383 2574 432 2640 Ac
454 2575 594 2660 primum
613 2573 672 2640 OV
692 2575 871 2660 scripturae
895 2574 1077 2662 exemplum
1100 2573 1198 2638 medii
1221 2571 1352 2657 quidem
1375 2593 1437 2638 sae·

296 2682 359 2748 culi
386 2683 516 2768 septimi
544 2683 670 2746 nullum
696 2682 786 2765 novi,
815 2682 843 2747 si
872 2681 912 2748 ab
941 2705 1006 2746 una
1034 2681 1141 2747 radice
1170 2703 1208 2746 ea
1237 2699 1437 2746 recesseroa
1531 2721 1532 2734 .

297 2810 360 2872 qua
389 2787 489 2854 IOVS
517 2787 659 2855 IOVSSI
686 2787 927 2854 IOVDICARII
955 2787 1154 2854 IOVRARE
1178 2787 1378 2853 factasunt:
1408 2785 1437 2849 in
1531 2823 1532 2826 =

295 2893 347 2959 his
380 2895 466 2960 enim
500 2897 578 2962 solis
612 2897 753 2980 priscum
786 2895 947 2961 scribendi
977 2895 1108 2961 modum
1140 2899 1237 2960 tenax
1271 2892 1438 2962 vetustatis

296 3001 494 3067 consuetudo
522 3001 639 3088 legalis
667 3002 809 3067 servavit
837 3001 877 3066 ad
905 3001 1011 3088 legem
1040 3023 1142 3086 usque
1165 3001 1345 3067 Antoniam
1369 2997 1438 3065 anni

297 3109 424 3174 circiter
457 3109 531 3175 682.
582 3108 646 3174 Sed
677 3110 724 3174 ita
755 3113 866 3175 tamen
900 3108 1042 3174 servavit
1074 3113 1124 3194 ut,
1157 3130 1228 3174 cum
1256 3109 1291 3172 in
1320 3105 1377 3174 SC.
1403 3105 1437 3169 de
1531 3097 1532 3100 '

269 3215 513 3282 ⁴Bacanalibus
543 3220 731 3282 constanter
758 3215 915 3300 scriptum
944 3215 988 3280 sit
1013 3212 1183 3281 IOVSISII
1210 3209 1437 3280 IOVSISIINT

296 3320 531 3388 IOVBEATIS
564 3319 861 3406 CONIOVRASE,
891 3322 1084 3408 ,pariterque
1119 3323 1156 3387 in
1192 3343 1265 3388 aere
1301 3320 1438 3388 Bsntino
1531 3367 1532 3408 ,

296 3427 490 3496 IOVDIOIO
542 3427 742 3496 IOVDICIA
796 3427 1070 3495 IOVDIOETVR
1124 3423 1436 3494 IOVDICAVIIBIT

296 3535 465 3602 rovoax
497 3535 725 3606 rovauuro
757 3535 1031 3603 rovuavumr
1068 3534 1316 3601 reversum
1354 3531 1437 3599 rov-

297 3642 466 3728 RANTO,
497 3645 603 3730 prima
635 3644 772 3710 omissae
806 3641 833 3707 Ο
866 3643 1015 3728 exempla
1045 3642 1111 3708 iam
1139 3642 1263 3727 lapides
1290 3637 1435 3708 Patavini

297 3751 375 3816 anni
407 3749 469 3815 617
499 3755 665 3836 praestent
692 3755 743 3815 ter
770 3747 887 3814 IVSI'P
921 3749 1124 3834 exhibentes,
1157 3749 1257 3814 semel
1284 3743 1437 3822 IOVSIT,
1531 3719 1532 3774 l

296 3857 381 3943 apud
409 3857 634 3924 Furlanettum
657 3857 733 3921 Ant.
762 3856 825 3942 lap.
853 3855 965 3924 Pater.
993 3881 1024 3944 p.
1048 3857 1093 3944 68
1115 3855 1195 3942 (tab.
1218 3853 1299 3920 XIII
1322 3853 1383 3940 sq.)
1406 3853 1437 3914 ct

296 3965 460 4032 Maffeium
487 3963 593 4030 Musei
616 3963 812 4030 Veronensis
835 3987 866 4050 p.
892 3965 954 4030 108
979 3963 1029 4047 [Ο.
1056 3963 1081 4030 I.
1104 3963 1139 4030 L
1162 3963 1178 4028 I
1201 3987 1231 4030 n.
1259 3962 1335 4027 547.
1362 3957 1437 4039 5483

296 4073 331 4138 P.
354 4073 389 4140 L.
411 4072 453 4137 M.
477 4072 515 4138 E.
537 4073 604 4138 tab.
623 4070 703 4138 VIII
718 4072 750 4138 A
764 4072 797 4137 B
811 4071 897 4158 ΟΡ),
920 4072 993 4138 inde
1017 4075 1124 4138 autem
1149 4071 1190 4136 ab
1214 4069 1276 4135 hoc
1294 4072 1437 4152 ternpore

359 4315 361 4319 Ι
386 4250 412 4318 *)
432 4249 515 4320 [Vide
534 4264 607 4304 nunc
624 4248 654 4304 P.
670 4248 701 4303 L.
720 4248 758 4302 M.
772 4247 803 4303 Ε.
819 4248 914 4304 Enarr.
933 4267 961 4318 p.
980 4253 1024 4316 tl,
1042 4246 1175 4312 ubihsec
1189 4243 1302 4315 scripsit
1314 4240 1436 4300 Ritahe·

297 4337 364 4394 lios:
385 4338 545 4396 ‘Rationem
567 4337 641 4396 inter
663 4338 763 4394 titulos
781 4338 916 4410 gemellos
933 4337 1007 4394 hanc
1025 4335 1197 4395 intercedere
1212 4335 1338 4405 apparet,
1356 4345 1435 4401 quam

297 4431 362 4500 post
380 4429 573 4484 Parlanettum
591 4428 687 4498 paucis
706 4427 876 4499 significavit
889 4427 1035 4484 chzcnus
1055 4425 1101 4482 Or.
1115 4428 1137 4482 t.
1152 4424 1200 4494 ΙΙΙ,
1218 4429 1290 4478 6114
1310 4426 1339 4478 et
1356 4423 1435 4476 5115:
1531 4411 1532 4458 l

298 4524 330 4576 ut
347 4518 460 4591 pristini
478 4521 505 4574 Δ
519 4539 537 4575 α
560 4521 590 4573 et
607 4519 635 4572 B
653 4517 730 4574 tituli
753 4535 815 4572 enm
834 4516 864 4571 in
883 4517 996 4574 niodum
1019 4517 1199 4584 iterarentur,
1216 4514 1260 4570 illi
1275 4517 1307 4572 ut
1323 4509 1436 4568 evanido
1531 4529 1532 4600 p
