3246 5082
299 382 302 388 ·
361 401 367 414 .
426 366 473 414 na
496 365 624 414 rrrvno
647 366 805 416 narsico
829 369 1107 418 nnuaansrrauo.
1275 355 1337 420 311

452 506 589 574 Votum
612 508 682 576 deo
706 509 849 594 dicani,
1354 531 1376 572 v

452 615 670 681 Praefe'ctas
691 615 774 700 ipse
797 617 947 682 castris.

453 721 552 787 Ades
577 724 667 808 e¹rgo
691 745 773 788 cum
795 722 971 808 Panisco,

452 828 595 894 Memor
618 829 689 895 hoc
713 851 866 896 munere
888 833 1038 916 nostro,
1299 836 1339 900 10

451 935 578 1020 Natis,
603 937 752 1020 sospite
775 939 907 1003 mettre.

451 1041 589 1108 Facias
615 1043 748 1110 nidere
771 1043 928 1110 Remam

451 1147 628 1215 Dominis
653 1172 806 1216 munere
830 1152 974 1218 hondre

450 1256 617 1322 Mactdm
641 1263 949 1344 coronatumque.

178 1365 346 1432 Formam
369 1388 483 1450 puram
501 1365 603 1430 habes
621 1367 823 1452 quinquiens,
846 1391 874 1432 v.
894 1370 922 1434 2.
946 1370 977 1434 4.
1003 1371 1053 1434 10.
1078 1371 1127 1435 11.
1153 1370 1207 1434 13:
1231 1369 1264 1434 iu
1285 1369 1337 1434 his

179 1473 236 1538 bis
265 1476 467 1537 contractam
492 1473 675 1537 anacrusim
699 1496 728 1538 v.
746 1474 776 1538 2.
802 1475 851 1539 11.
896 1475 1042 1540 Eandem
1067 1477 1248 1542 anacrnsim
1272 1499 1337 1542 mo

178 1578 396 1663 nosyllabam
420 1578 481 1644 etsi
505 1577 725 1658 ἀνακλώμενοι
754 1601 880 1664 quoque
904 1581 1044 1667 quinque
1068 1583 1223 1667 exemplis
1246 1605 1337 1667 prae-

180 1689 281 1752 stant
304 1707 332 1750 v.
355 1685 382 1749 1.
401 1683 431 1749 3.
451 1685 480 1750 7.
500 1685 529 1750 8.
551 1685 600 1768 14,
622 1689 733 1749 tamen
755 1707 888 1768 prorsus
911 1687 1008 1752 liberi
1031 1691 1105 1753 sunt
1129 1689 1170 1754 ab
1188 1688 1337 1772 iambica,

181 1815 290 1878 qnam
313 1789 533 1877 refragantem
560 1814 694 1858 numero
724 1793 831 1860 ionico
854 1795 984 1860 inscitia
1007 1796 1135 1860 demum
1159 1799 1336 1860 metrorum

180 1901 217 1965 in
244 1899 483 1965 Anacreonteis
511 1900 565 1984 qui
593 1899 741 1964 feruntur
770 1900 908 1966 admisit.
953 1901 1022 1967 Nec
1044 1903 1079 1966 in
1102 1924 1139 1969 eo
1166 1925 1232 1967 non
1256 1903 1336 1968 artis

181 2007 351 2092 quoddam
375 2005 518 2070 studium
546 2007 697 2091 cernitur,
724 2007 810 2092 quod
837 2008 958 2074 thesim
985 2009 1087 2074 eidem
1115 2009 1336 2091 ἀνακλώμενοι

181 2136 263 2179 raro
288 2113 421 2198 longam
444 2111 580 2178 habent:
609 2115 781 2180 secundam
810 2116 939 2202 quidem
962 2119 1041 2184 r.3.
1063 2119 1103 2183 14
1129 2121 1258 2182 etcum
1280 2140 1336 2182 no-

182 2221 288 2285 minis
311 2219 434 2303 proprii
458 2220 665 2286 excusatione
688 2244 716 2285 v.
740 2223 775 2286 9:
806 2222 945 2306 primam
968 2245 1126 2307 nusquam
1149 2224 1213 2288 nisi
1237 2225 1335 2290 semel

183 2332 219 2393 et
243 2350 319 2394 cnm
343 2327 500 2392 secundae
522 2327 734 2411 productione
758 2332 790 2393 et
813 2333 850 2393 ut
868 2329 996 2394 videtur
1017 2351 1089 2394 cum
1109 2330 1191 2394 arsis
1210 2331 1335 2414 primae

183 2434 353 2500 solutione
381 2435 586 2500 coniunctam
614 2435 648 2498 in
676 2435 748 2518 ipso
776 2435 955 2500 dedicantis
988 2437 1116 2502 nomine
1144 2436 1335 2504 inevitabili.

184 2541 259 2608 Aut
289 2541 374 2606 enim
404 2541 626 2606 choriambum
659 2562 796 2625 aequare
824 2541 944 2624 Alfium
971 2539 1077 2606 forma
1104 2543 1249 2626 putanda
1276 2548 1335 2628 est,

185 2652 246 2714 aut
270 2649 283 2713 i
305 2647 433 2714 litterae
462 2647 634 2733 synizesim
667 2647 822 2712 asciscere
850 2651 887 2712 ut
914 2648 948 2712 in
975 2649 1093 2713 somnio
1121 2672 1149 2714 r.
1169 2650 1204 2729 2,
1235 2671 1332 2734 quan·

184 2753 309 2820 tumvis'
338 2745 409 2819 eam
437 2755 478 2819 ab
507 2753 712 2839 antiquitatis
740 2754 891 2820 castitate
919 2753 1066 2818 alienam.
1117 2754 1163 2820 At
1186 2755 1272 2820 enim
1295 2777 1334 2820 ex

186 2862 390 2948 elegantiore
413 2859 560 2946 profecto
584 2861 776 2945 antiquitate
799 2859 859 2926 hos
878 2859 1055 2926 versiculos
1074 2865 1219 2946 repetere
1237 2884 1333 2928 nemo

184 2969 284 3035 facile
308 2968 452 3034 animum
475 2967 648 3033 induxerit:
672 2972 741 3034 tam
763 2991 829 3035 non
852 2968 947 3034 modo
971 2968 1037 3034 ali'a
1059 2974 1254 3055 repugnant,
1278 2969 1334 3034 sed

186 3079 221 3140 in
245 3075 326 3159 ipsis
350 3076 457 3141 verbis
476 3079 605 3161 praeter
633 3075 752 3140 mirum
779 3075 872 3140 illum
901 3076 1035 3141 amaea
1061 3075 1149 3140 vocis
1178 3097 1272 3140 usum
1301 3079 1334 3140 et

185 3183 312 3252 novatio
336 3183 477 3248 nominis
501 3184 680 3249 novitatem
708 3183 865 3268 quaedam
893 3182 1098 3248 construendi
1121 3182 1255 3248 durities
1279 3207 1333 3268 pa-

187 3313 261 3358 rum
284 3310 361 3356 sane
390 3289 439 3354 ve]
463 3292 601 3354 venusta
629 3289 680 3354 vel
708 3289 840 3354 usitata.
886 3289 975 3366 Quae
997 3293 1034 3354 ut
1057 3289 1238 3354 distinctius
1261 3312 1332 3373 per·

187 3397 346 3484 spiciatur
375 3396 481 3481 qualis
511 3395 567 3480 sit,
598 3395 719 3461 nostris
747 3395 853 3460 verbis
882 3400 1031 3462 enarrate
1059 3395 1222 3480 poematia
1251 3417 1332 3479 opus

188 3509 252 3589 est,
276 3505 361 3590 quod
385 3502 512 3588 quidem
541 3503 588 3567 sic
614 3503 879 3587 interpretamur:
911 3501 992 3566 Mihi
1015 3502 1135 3584 Attaic
1157 3501 1333 3568 Fortunato

186 3613 276 3678 uisas
303 3615 353 3676 est
380 3611 498 3676 sama
525 3611 622 3675 decere
643 3609 737 3675 Idbcr
757 3613 849 3692 pater
878 3609 1024 3692 tiaratae,
1053 3607 1143 3674 Icar‘s
1165 3629 1181 3672 c
1200 3608 1333 3690 sabatae

187 3723 291 3797 naras,
314 3717 396 3784 basta
417 3717 497 3782 hanc
518 3717 714 3782 uacationem
733 3717 823 3800 quoto
845 3716 953 3781 demta
976 3713 1021 3802 (h.
1040 3737 1067 3781 e.
1090 3715 1153 3781 sibi
1177 3719 1213 3780 ut
1235 3716 1331 3801 genio

189 3825 303 3891 domus
322 3821 478 3910 Alfiniae)
501 3823 688 3890 mondum
711 3845 790 3888 esse.
832 3822 943 3888 Votum
966 3820 1011 3908 (h.
1031 3845 1056 3887 e.
1080 3826 1190 3888 rotam
1214 3820 1332 3908 basim)

188 3933 242 3998 deo
264 3931 382 4009 dicaci,
410 3929 465 4014 qui
490 3953 561 3994 snm
578 3929 753 4012 praefectae
775 3931 839 4013 epse
861 3931 978 3996 meta.
1024 3930 1107 3996 Ades
1130 3949 1211 4012 cryc,
1234 3927 1332 3992 Liber

189 4041 291 4122 pater,
322 4056 391 4101 cam
414 4035 558 4113 Pacisce,
590 4056 704 4100 cremor
734 4035 840 4100 factus
869 4035 924 4100 hoc
950 4056 1075 4100 munere
1100 4039 1218 4118 nostro,
1248 4035 1332 4101 actis

189 4144 279 4228 meis,
303 4141 398 4208 simul
421 4141 532 4224 sospite
554 4145 652 4204 matre
679 4163 798 4206 eorum.
843 4141 960 4208 Facias
983 4163 1033 4206 me
1057 4140 1206 4206 reducem
1228 4142 1332 4206 atderc

188 4252 334 4333 chrom,
366 4271 386 4314 a
412 4249 545 4314 domim
572 4269 696 4312 marcac
727 4251 760 4312 et
785 4247 897 4312 honore
925 4253 1060 4312 muctam
1088 4253 1331 4331 coronatumque.

188 4355 226 4422 In
248 4355 299 4420 his
324 4377 417 4420 nemo
441 4377 504 4420 non
531 4355 631 4421 sentit
654 4376 750 4440 quam
774 4376 889 4438 aspera
908 4355 974 4419 sint
996 4377 1025 4419 v.
1042 4355 1082 4419 12
1101 4353 1257 4418 omissum
1274 4377 1330 4434 me,

188 4487 217 4530 r.
238 4463 279 4529 10
303 4484 375 4529 cum
399 4462 543 4530 ablativo
562 4462 708 4530 iunctum
726 4482 849 4548 cremor,
872 4483 900 4529 v.
918 4462 957 4529 13
977 4483 1048 4530 cum
1068 4461 1177 4530 dativo
1196 4462 1330 4534 amisis
1418 4488 1424 4499 ·
