<?xml version="1.0" encoding="UTF-8"?>
<!DOCTYPE html PUBLIC "-//W3C//DTD XHTML 1.0 Transitional//EN"
    "http://www.w3.org/TR/xhtml1/DTD/xhtml1-transitional.dtd">
<html xmlns="http://www.w3.org/1999/xhtml" xml:lang="en" lang="en">
 <head>
  <title>
</title>
<meta http-equiv="Content-Type" content="text/html;charset=utf-8" />
  <meta name='ocr-system' content='tesseract 3.04.00' />
  <meta name='ocr-capabilities' content='ocr_page ocr_carea ocr_par ocr_line ocrx_word'/>
</head>
<body>
  <div class='ocr_page' id='page_1' title='image "./fridericiritsch08wachgoog/fridericiritsch08wachgoog_0763.png"; bbox 0 0 3224 5066; ppageno 0'>
   <div class='ocr_carea' id='block_1_1' title="bbox 284 319 1132 383">
    <p class='ocr_par' dir='ltr' id='par_1_1' title="bbox 284 319 1132 383">
     <span class='ocr_line' id='line_1_1' title="bbox 284 319 1132 383; baseline -0.001 -1"><span class='ocrx_word' id='word_1_1' title='bbox 284 319 349 382; x_wconf 79' lang='grc'>734</span> <span class='ocrx_word' id='word_1_2' title='bbox 584 333 1132 383; x_wconf 77' lang='lat' dir='ltr'>nnonsnnrscn-nnsnnnmscsn</span> 
     </span>
    </p>
   </div>
   <div class='ocr_carea' id='block_1_2' title="bbox 335 492 1434 594">
    <p class='ocr_par' dir='ltr' id='par_1_2' title="bbox 335 492 1434 594">
     <span class='ocr_line' id='line_1_2' title="bbox 335 492 1434 594; baseline -0.005 -24"><span class='ocrx_word' id='word_1_3' title='bbox 335 501 366 572; x_wconf 82' lang='lat'>2.</span> <span class='ocrx_word' id='word_1_4' title='bbox 412 497 588 594; x_wconf 84' lang='lat' dir='ltr'>Elegium</span> <span class='ocrx_word' id='word_1_5' title='bbox 615 499 655 572; x_wconf 98' lang='lat' dir='ltr'>L.</span> <span class='ocrx_word' id='word_1_6' title='bbox 680 497 829 572; x_wconf 79' lang='lat' dir='ltr'>corneli</span> <span class='ocrx_word' id='word_1_7' title='bbox 857 499 920 573; x_wconf 79' lang='lat' dir='ltr'>(ln.</span> <span class='ocrx_word' id='word_1_8' title='bbox 944 499 967 572; x_wconf 88' lang='lat' dir='ltr'>f.</span> <span class='ocrx_word' id='word_1_9' title='bbox 993 499 1056 578; x_wconf 83' lang='lat' dir='ltr'>On.</span> <span class='ocrx_word' id='word_1_10' title='bbox 1081 523 1116 570; x_wconf 91' lang='lat' dir='ltr'>n.</span> <span class='ocrx_word' id='word_1_11' title='bbox 1142 492 1434 590; x_wconf 74' lang='lat' dir='ltr'>Scipionis*)</span> 
     </span>
    </p>
   </div>
   <div class='ocr_carea' id='block_1_3' title="bbox 228 652 1573 3511">
    <p class='ocr_par' dir='ltr' id='par_1_3' title="bbox 228 652 1490 1060">
     <span class='ocr_line' id='line_1_3' title="bbox 228 652 1489 740; baseline -0.004 -20"><span class='ocrx_word' id='word_1_12' title='bbox 228 681 266 720; x_wconf 90' lang='lat'>111</span> <span class='ocrx_word' id='word_1_13' title='bbox 371 655 410 718; x_wconf 94' lang='lat' dir='ltr'>In</span> <span class='ocrx_word' id='word_1_14' title='bbox 432 655 647 721; x_wconf 84' lang='lat' dir='ltr'>nobilissimis</span> <span class='ocrx_word' id='word_1_15' title='bbox 671 655 737 720; x_wconf 89' lang='lat' dir='ltr'>illis</span> <span class='ocrx_word' id='word_1_16' title='bbox 762 653 949 740; x_wconf 82' lang='lat' dir='ltr'>Scipionum</span> <span class='ocrx_word' id='word_1_17' title='bbox 974 655 1089 740; x_wconf 84' lang='lat' dir='ltr'>elogiis</span> <span class='ocrx_word' id='word_1_18' title='bbox 1119 653 1406 737; x_wconf 77' lang='lat' dir='ltr'>sepulcralibus</span> <span class='ocrx_word' id='word_1_19' title='bbox 1434 652 1489 716; x_wconf 81' lang='lat' dir='ltr'>vix</span> 
     </span>
     <span class='ocr_line' id='line_1_4' title="bbox 282 761 1490 846; baseline -0.004 -20"><span class='ocrx_word' id='word_1_20' title='bbox 282 761 369 826; x_wconf 91' lang='lat' dir='ltr'>alind</span> <span class='ocrx_word' id='word_1_21' title='bbox 393 763 494 826; x_wconf 87' lang='lat' dir='ltr'>tantis</span> <span class='ocrx_word' id='word_1_22' title='bbox 519 783 588 827; x_wconf 89' lang='lat' dir='ltr'>esse</span> <span class='ocrx_word' id='word_1_23' title='bbox 612 762 849 846; x_wconf 88' lang='lat' dir='ltr'>interpretandi</span> <span class='ocrx_word' id='word_1_24' title='bbox 877 762 1135 828; x_wconf 76' lang='lat' dir='ltr'>dubitationibus</span> <span class='ocrx_word' id='word_1_25' title='bbox 1159 761 1384 846; x_wconf 87' lang='lat' dir='ltr'>obnoxium</span> <span class='ocrx_word' id='word_1_26' title='bbox 1413 780 1490 822; x_wconf 88' lang='lat' dir='ltr'>con·</span> 
     </span>
     <span class='ocr_line' id='line_1_5' title="bbox 282 865 1488 954; baseline -0.002 -23"><span class='ocrx_word' id='word_1_27' title='bbox 282 873 351 932; x_wconf 85' lang='lat' dir='ltr'>stat</span> <span class='ocrx_word' id='word_1_28' title='bbox 375 889 472 954; x_wconf 89' lang='lat' dir='ltr'>qnam</span> <span class='ocrx_word' id='word_1_29' title='bbox 496 868 582 952; x_wconf 88' lang='lat' dir='ltr'>quod</span> <span class='ocrx_word' id='word_1_30' title='bbox 606 869 640 934; x_wconf 91' lang='lat' dir='ltr'>L.</span> <span class='ocrx_word' id='word_1_31' title='bbox 659 867 808 934; x_wconf 80' lang='lat' dir='ltr'>Cornelio</span> <span class='ocrx_word' id='word_1_32' title='bbox 828 865 885 933; x_wconf 86' lang='lat' dir='ltr'>On.</span> <span class='ocrx_word' id='word_1_33' title='bbox 904 868 925 933; x_wconf 88' lang='lat' dir='ltr'>f.</span> <span class='ocrx_word' id='word_1_34' title='bbox 945 867 1003 933; x_wconf 85' lang='lat' dir='ltr'>On.</span> <span class='ocrx_word' id='word_1_35' title='bbox 1022 891 1053 932; x_wconf 90' lang='lat' dir='ltr'>n.</span> <span class='ocrx_word' id='word_1_36' title='bbox 1072 867 1215 932; x_wconf 85' lang='lat' dir='ltr'>dicatum</span> <span class='ocrx_word' id='word_1_37' title='bbox 1251 865 1367 951; x_wconf 89' lang='lat' dir='ltr'>apud</span> <span class='ocrx_word' id='word_1_38' title='bbox 1392 865 1488 929; x_wconf 89' lang='lat' dir='ltr'>Orel-</span> 
     </span>
     <span class='ocr_line' id='line_1_6' title="bbox 281 970 1489 1060; baseline -0.002 -23"><span class='ocrx_word' id='word_1_39' title='bbox 281 974 362 1038; x_wconf 90' lang='lat' dir='ltr'>lium</span> <span class='ocrx_word' id='word_1_40' title='bbox 384 974 505 1060; x_wconf 85' lang='lat' dir='ltr'>legitur</span> <span class='ocrx_word' id='word_1_41' title='bbox 527 997 661 1040; x_wconf 88' lang='lat' dir='ltr'>numero</span> <span class='ocrx_word' id='word_1_42' title='bbox 685 975 751 1040; x_wconf 79' lang='lat'>555</span> <span class='ocrx_word' id='word_1_43' title='bbox 781 975 946 1058; x_wconf 86' lang='lat' dir='ltr'>signatum</span> <span class='ocrx_word' id='word_1_44' title='bbox 975 975 1022 1056; x_wconf 91' lang='lat' dir='ltr'>[in</span> <span class='ocrx_word' id='word_1_45' title='bbox 1046 973 1080 1040; x_wconf 81' lang='grc' dir='ltr'>Ο.</span> <span class='ocrx_word' id='word_1_46' title='bbox 1102 973 1128 1040; x_wconf 91' lang='lat' dir='ltr'>l.</span> <span class='ocrx_word' id='word_1_47' title='bbox 1152 974 1187 1038; x_wconf 90' lang='lat' dir='ltr'>L.</span> <span class='ocrx_word' id='word_1_48' title='bbox 1210 973 1231 1038; x_wconf 94' lang='grc' dir='ltr'>Ι</span> <span class='ocrx_word' id='word_1_49' title='bbox 1263 997 1306 1038; x_wconf 94' lang='lat' dir='ltr'>n.</span> <span class='ocrx_word' id='word_1_50' title='bbox 1327 974 1400 1057; x_wconf 74' lang='lat'>343</span> <span class='ocrx_word' id='word_1_51' title='bbox 1430 970 1489 1053; x_wconf 83' lang='lat' dir='ltr'>vl,</span> 
     </span>
    </p>

    <p class='ocr_par' dir='ltr' id='par_1_4' title="bbox 239 1079 1570 1486">
     <span class='ocr_line' id='line_1_7' title="bbox 286 1079 1569 1168; baseline 0.002 -24"><span class='ocrx_word' id='word_1_52' title='bbox 286 1083 300 1144; x_wconf 91' lang='lat'>1</span> <span class='ocrx_word' id='word_1_53' title='bbox 326 1082 473 1167; x_wconf 84' lang='lat' dir='ltr'>n.1289;</span> <span class='ocrx_word' id='word_1_54' title='bbox 497 1081 531 1146; x_wconf 93' lang='lat' dir='ltr'>P.</span> <span class='ocrx_word' id='word_1_55' title='bbox 551 1081 584 1146; x_wconf 91' lang='lat' dir='ltr'>L.</span> <span class='ocrx_word' id='word_1_56' title='bbox 603 1079 646 1145; x_wconf 88' lang='lat' dir='ltr'>M.</span> <span class='ocrx_word' id='word_1_57' title='bbox 664 1081 702 1146; x_wconf 83' lang='grc' dir='ltr'>Ε.</span> <span class='ocrx_word' id='word_1_58' title='bbox 725 1083 792 1146; x_wconf 87' lang='lat' dir='ltr'>tab.</span> <span class='ocrx_word' id='word_1_59' title='bbox 805 1081 1005 1168; x_wconf 81' lang='lat' dir='ltr'><strong>XLIK].**)</strong></span> <span class='ocrx_word' id='word_1_60' title='bbox 1568 1162 1569 1168; x_wconf 6' lang='grc' dir='ltr'>ἵ</span> 
     </span>
     <span class='ocr_line' id='line_1_8' title="bbox 371 1169 1570 1274; baseline -0.006 -21"><span class='ocrx_word' id='word_1_61' title='bbox 371 1187 432 1253; x_wconf 88' lang='lat' dir='ltr'>His</span> <span class='ocrx_word' id='word_1_62' title='bbox 456 1189 556 1274; x_wconf 87' lang='lat' dir='ltr'>igitur</span> <span class='ocrx_word' id='word_1_63' title='bbox 580 1189 626 1253; x_wconf 89' lang='lat' dir='ltr'>sic</span> <span class='ocrx_word' id='word_1_64' title='bbox 649 1189 835 1255; x_wconf 90' lang='lat' dir='ltr'>constitutis</span> <span class='ocrx_word' id='word_1_65' title='bbox 860 1189 1001 1274; x_wconf 83' lang='lat' dir='ltr'>elogium</span> <span class='ocrx_word' id='word_1_66' title='bbox 1030 1189 1193 1273; x_wconf 83' lang='lat' dir='ltr'>integrum</span> <span class='ocrx_word' id='word_1_67' title='bbox 1218 1185 1489 1272; x_wconf 78' lang='lat' dir='ltr'>probabiliter</span> <span class='ocrx_word' id='word_1_68' title='bbox 1568 1169 1570 1224; x_wconf 64' lang='lat'>¹.</span> 
     </span>
     <span class='ocr_line' id='line_1_9' title="bbox 239 1291 1485 1381; baseline -0.006 -21"><span class='ocrx_word' id='word_1_69' title='bbox 239 1321 274 1360; x_wconf 85' lang='lat' dir='ltr'>vr</span> <span class='ocrx_word' id='word_1_70' title='bbox 285 1293 348 1357; x_wconf 94' lang='lat' dir='ltr'>nisi</span> <span class='ocrx_word' id='word_1_71' title='bbox 371 1295 517 1359; x_wconf 87' lang='lat' dir='ltr'>fallimur</span> <span class='ocrx_word' id='word_1_72' title='bbox 545 1317 618 1360; x_wconf 90' lang='lat' dir='ltr'>cnm</span> <span class='ocrx_word' id='word_1_73' title='bbox 647 1297 833 1381; x_wconf 88' lang='lat' dir='ltr'>suppletum</span> <span class='ocrx_word' id='word_1_74' title='bbox 855 1298 926 1359; x_wconf 88' lang='lat' dir='ltr'>tum</span> <span class='ocrx_word' id='word_1_75' title='bbox 950 1295 1190 1379; x_wconf 84' lang='lat' dir='ltr'>interpunctum</span> <span class='ocrx_word' id='word_1_76' title='bbox 1214 1293 1295 1359; x_wconf 87' lang='lat' dir='ltr'>hoe</span> <span class='ocrx_word' id='word_1_77' title='bbox 1326 1291 1485 1357; x_wconf 82' lang='lat' dir='ltr'>habete:</span> 
     </span>
     <span class='ocr_line' id='line_1_10' title="bbox 365 1399 1103 1486; baseline 0.003 -22"><span class='ocrx_word' id='word_1_78' title='bbox 365 1455 370 1464; x_wconf 90' lang='lat'><strong>.</strong></span> <span class='ocrx_word' id='word_1_79' title='bbox 415 1399 536 1484; x_wconf 75' lang='lat' dir='ltr'>Magna</span> <span class='ocrx_word' id='word_1_80' title='bbox 560 1402 720 1486; x_wconf 71' lang='lat' dir='ltr'>sapientirt</span> <span class='ocrx_word' id='word_1_81' title='bbox 743 1403 943 1486; x_wconf 70' lang='lat' dir='ltr'>multisque</span> <span class='ocrx_word' id='word_1_82' title='bbox 966 1400 1103 1466; x_wconf 76' lang='lat' dir='ltr'>uirtutes</span> 
     </span>
    </p>

    <p class='ocr_par' dir='ltr' id='par_1_5' title="bbox 416 1506 1232 1594">
     <span class='ocr_line' id='line_1_11' title="bbox 416 1506 1232 1594; baseline 0.002 -24"><span class='ocrx_word' id='word_1_83' title='bbox 416 1506 534 1570; x_wconf 78' lang='lat' dir='ltr'>Aetate</span> <span class='ocrx_word' id='word_1_84' title='bbox 558 1510 654 1592; x_wconf 80' lang='lat' dir='ltr'>quom</span> <span class='ocrx_word' id='word_1_85' title='bbox 678 1509 780 1592; x_wconf 71' lang='lat' dir='ltr'>ptrue</span> <span class='ocrx_word' id='word_1_86' title='bbox 810 1550 823 1558; x_wconf 98' lang='lat'>-</span> <span class='ocrx_word' id='word_1_87' title='bbox 852 1509 981 1594; x_wconf 75' lang='lat' dir='ltr'>posidet</span> <span class='ocrx_word' id='word_1_88' title='bbox 1003 1508 1066 1574; x_wconf 89' lang='lat' dir='ltr'>hoc</span> <span class='ocrx_word' id='word_1_89' title='bbox 1091 1510 1232 1573; x_wconf 74' lang='lat' dir='ltr'>sdxsum.</span> 
     </span>
    </p>

    <p class='ocr_par' dir='ltr' id='par_1_6' title="bbox 416 1612 1218 1700">
     <span class='ocr_line' id='line_1_12' title="bbox 416 1612 1218 1700; baseline 0 -22"><span class='ocrx_word' id='word_1_90' title='bbox 416 1612 533 1689; x_wconf 81' lang='lat' dir='ltr'>Quoier&#39;</span> <span class='ocrx_word' id='word_1_91' title='bbox 553 1614 622 1678; x_wconf 70' lang='lat' dir='ltr'>uitri</span> <span class='ocrx_word' id='word_1_92' title='bbox 646 1613 777 1700; x_wconf 85' lang='lat' dir='ltr'>defe‘cit,</span> <span class='ocrx_word' id='word_1_93' title='bbox 812 1651 824 1662; x_wconf 94' lang='lat'>-</span> <span class='ocrx_word' id='word_1_94' title='bbox 853 1617 918 1680; x_wconf 76' lang='lat' dir='ltr'>non</span> <span class='ocrx_word' id='word_1_95' title='bbox 940 1615 1059 1699; x_wconf 78' lang='lat' dir='ltr'>honos,</span> <span class='ocrx_word' id='word_1_96' title='bbox 1081 1614 1218 1698; x_wconf 76' lang='lat' dir='ltr'>honore,</span> 
     </span>
    </p>

    <p class='ocr_par' dir='ltr' id='par_1_7' title="bbox 415 1719 1384 1807">
     <span class='ocr_line' id='line_1_13' title="bbox 415 1719 1384 1807; baseline 0 -23"><span class='ocrx_word' id='word_1_97' title='bbox 415 1719 448 1786; x_wconf 90' lang='lat' dir='ltr'>Is</span> <span class='ocrx_word' id='word_1_98' title='bbox 471 1719 524 1785; x_wconf 81' lang='lat' dir='ltr'>hic</span> <span class='ocrx_word' id='word_1_99' title='bbox 548 1722 639 1787; x_wconf 76' lang='lat' dir='ltr'>sitris.</span> <span class='ocrx_word' id='word_1_100' title='bbox 676 1723 750 1807; x_wconf 91' lang='lat' dir='ltr'>quei</span> <span class='ocrx_word' id='word_1_101' title='bbox 773 1727 940 1807; x_wconf 76' lang='lat' dir='ltr'>nunquam</span> <span class='ocrx_word' id='word_1_102' title='bbox 965 1759 976 1770; x_wconf 94' lang='lat'><em>·</em></span> <span class='ocrx_word' id='word_1_103' title='bbox 999 1720 1105 1786; x_wconf 83' lang='lat' dir='ltr'>uictus</span> <span class='ocrx_word' id='word_1_104' title='bbox 1129 1723 1180 1784; x_wconf 72' lang='lat' dir='ltr'>est</span> <span class='ocrx_word' id='word_1_105' title='bbox 1202 1721 1384 1804; x_wconf 71' lang='lat' dir='ltr'>uirtutei‚</span> 
     </span>
    </p>

    <p class='ocr_par' dir='ltr' id='par_1_8' title="bbox 416 1825 1327 1914">
     <span class='ocr_line' id='line_1_14' title="bbox 416 1825 1327 1914; baseline -0.001 -22"><span class='ocrx_word' id='word_1_106' title='bbox 416 1828 530 1892; x_wconf 78' lang='lat' dir='ltr'>Annos</span> <span class='ocrx_word' id='word_1_107' title='bbox 554 1833 672 1912; x_wconf 76' lang='lat' dir='ltr'>gnatus</span> <span class='ocrx_word' id='word_1_108' title='bbox 695 1827 814 1913; x_wconf 80' lang='lat' dir='ltr'>uiginti</span> <span class='ocrx_word' id='word_1_109' title='bbox 837 1826 900 1893; x_wconf 83' lang='lat' dir='ltr'>-1&#39;s</span> <span class='ocrx_word' id='word_1_110' title='bbox 924 1825 1088 1914; x_wconf 59' lang='lat' dir='ltr'>Doceat</span> <span class='ocrx_word' id='word_1_111' title='bbox 1109 1825 1327 1911; x_wconf 58' lang='lat' dir='ltr'>mumditus:</span> 
     </span>
    </p>

    <p class='ocr_par' dir='ltr' id='par_1_9' title="bbox 283 1932 1573 3511">
     <span class='ocr_line' id='line_1_15' title="bbox 416 1932 1399 2020; baseline 0.001 -22"><span class='ocrx_word' id='word_1_112' title='bbox 416 1933 466 1998; x_wconf 88' lang='lat' dir='ltr'>Nc</span> <span class='ocrx_word' id='word_1_113' title='bbox 489 1932 662 2018; x_wconf 74' lang='lat' dir='ltr'>quassatis,</span> <span class='ocrx_word' id='word_1_114' title='bbox 684 1933 807 1998; x_wconf 74' lang='lat' dir='ltr'>honore</span> <span class='ocrx_word' id='word_1_115' title='bbox 831 1972 842 1982; x_wconf 93' lang='lat'><em>-</em></span> <span class='ocrx_word' id='word_1_116' title='bbox 868 1933 1072 2020; x_wconf 74' lang='lat' dir='ltr'>quotminus</span> <span class='ocrx_word' id='word_1_117' title='bbox 1097 1933 1141 1998; x_wconf 86' lang='lat' dir='ltr'>sit</span> <span class='ocrx_word' id='word_1_118' title='bbox 1163 1932 1399 2020; x_wconf 55' lang='lat' dir='ltr'>mandffitus)</span> 
     </span>
     <span class='ocr_line' id='line_1_16' title="bbox 284 2038 1464 2126; baseline -0.001 -24"><span class='ocrx_word' id='word_1_119' title='bbox 284 2038 421 2102; x_wconf 81' lang='lat' dir='ltr'>Versum</span> <span class='ocrx_word' id='word_1_120' title='bbox 448 2039 596 2123; x_wconf 88' lang='lat' dir='ltr'>tertium,</span> <span class='ocrx_word' id='word_1_121' title='bbox 623 2040 792 2122; x_wconf 86' lang='lat' dir='ltr'>perpensis</span> <span class='ocrx_word' id='word_1_122' title='bbox 821 2063 903 2124; x_wconf 84' lang='lat' dir='ltr'>quse</span> <span class='ocrx_word' id='word_1_123' title='bbox 931 2040 1060 2125; x_wconf 84' lang='lat' dir='ltr'>prolata</span> <span class='ocrx_word' id='word_1_124' title='bbox 1088 2043 1165 2104; x_wconf 90' lang='lat' dir='ltr'>sunt</span> <span class='ocrx_word' id='word_1_125' title='bbox 1192 2041 1381 2126; x_wconf 85' lang='lat' dir='ltr'>omnibus,</span> <span class='ocrx_word' id='word_1_126' title='bbox 1412 2059 1464 2102; x_wconf 85' lang='lat' dir='ltr'>re-</span> 
     </span>
     <span class='ocr_line' id='line_1_17' title="bbox 283 2144 1573 2230; baseline -0.001 -23"><span class='ocrx_word' id='word_1_127' title='bbox 283 2144 429 2228; x_wconf 89' lang='lat' dir='ltr'>probatis</span> <span class='ocrx_word' id='word_1_128' title='bbox 454 2147 562 2208; x_wconf 84' lang='lat' dir='ltr'>autem</span> <span class='ocrx_word' id='word_1_129' title='bbox 586 2147 720 2228; x_wconf 88' lang='lat' dir='ltr'>propter</span> <span class='ocrx_word' id='word_1_130' title='bbox 742 2167 871 2211; x_wconf 80' lang='lat' dir='ltr'>caussas</span> <span class='ocrx_word' id='word_1_131' title='bbox 896 2145 1094 2210; x_wconf 82' lang='lat' dir='ltr'>certissimas</span> <span class='ocrx_word' id='word_1_132' title='bbox 1113 2144 1275 2230; x_wconf 86' lang='lat' dir='ltr'>plurimis,</span> <span class='ocrx_word' id='word_1_133' title='bbox 1303 2148 1363 2211; x_wconf 85' lang='lat' dir='ltr'>sic</span> <span class='ocrx_word' id='word_1_134' title='bbox 1386 2165 1462 2210; x_wconf 83' lang='lat' dir='ltr'>esse</span> <span class='ocrx_word' id='word_1_135' title='bbox 1572 2189 1573 2200; x_wconf 67' lang='lat'><strong>.</strong></span> 
     </span>
     <span class='ocr_line' id='line_1_18' title="bbox 285 2203 1573 2333; baseline 0.001 -20"><span class='ocrx_word' id='word_1_136' title='bbox 285 2249 519 2333; x_wconf 82' lang='lat' dir='ltr'>expediendum</span> <span class='ocrx_word' id='word_1_137' title='bbox 551 2250 772 2316; x_wconf 67' lang='lat' dir='ltr'>intelleximus</span> <span class='ocrx_word' id='word_1_138' title='bbox 804 2251 1014 2318; x_wconf 84' lang='lat' dir='ltr'>Lachmanno</span> <span class='ocrx_word' id='word_1_139' title='bbox 1055 2252 1149 2316; x_wconf 82' lang='lat' dir='ltr'>duce:</span> <span class='ocrx_word' id='word_1_140' title='bbox 1188 2250 1256 2316; x_wconf 72' lang='lat' dir='ltr'>‘cui</span> <span class='ocrx_word' id='word_1_141' title='bbox 1293 2252 1457 2318; x_wconf 80' lang='lat' dir='ltr'>brevitas</span> <span class='ocrx_word' id='word_1_142' title='bbox 1572 2203 1573 2292; x_wconf 79' lang='lat' dir='ltr'>l</span> 
     </span>
     <span class='ocr_line' id='line_1_19' title="bbox 283 2353 1456 2444; baseline 0.002 -24"><span class='ocrx_word' id='word_1_143' title='bbox 283 2355 384 2440; x_wconf 85' lang='lat' dir='ltr'>vitae,</span> <span class='ocrx_word' id='word_1_144' title='bbox 415 2377 483 2422; x_wconf 91' lang='lat' dir='ltr'>non</span> <span class='ocrx_word' id='word_1_145' title='bbox 505 2357 624 2423; x_wconf 74' lang='lat' dir='ltr'>indolis</span> <span class='ocrx_word' id='word_1_146' title='bbox 652 2357 772 2442; x_wconf 86' lang='lat' dir='ltr'>honos,</span> <span class='ocrx_word' id='word_1_147' title='bbox 804 2357 953 2423; x_wconf 88' lang='lat' dir='ltr'>destituit</span> <span class='ocrx_word' id='word_1_148' title='bbox 980 2359 1135 2424; x_wconf 86' lang='lat' dir='ltr'>honorem</span> <span class='ocrx_word' id='word_1_149' title='bbox 1158 2353 1456 2444; x_wconf 61' lang='lat' dir='ltr'>magistratuum?</span> 
     </span>
     <span class='ocr_line' id='line_1_20' title="bbox 283 2463 1453 2556; baseline -0.001 -29"><span class='ocrx_word' id='word_1_150' title='bbox 283 2463 390 2528; x_wconf 82' lang='lat' dir='ltr'>Simili</span> <span class='ocrx_word' id='word_1_151' title='bbox 414 2469 522 2556; x_wconf 86' lang='lat' dir='ltr'>autem</span> <span class='ocrx_word' id='word_1_152' title='bbox 552 2465 711 2548; x_wconf 82' lang='lat' dir='ltr'>acumine,</span> <span class='ocrx_word' id='word_1_153' title='bbox 741 2468 838 2549; x_wconf 84' lang='lat' dir='ltr'>atque</span> <span class='ocrx_word' id='word_1_154' title='bbox 867 2465 902 2529; x_wconf 93' lang='lat' dir='ltr'>in</span> <span class='ocrx_word' id='word_1_155' title='bbox 931 2465 1066 2530; x_wconf 87' lang='lat' dir='ltr'>honoris</span> <span class='ocrx_word' id='word_1_156' title='bbox 1095 2465 1228 2531; x_wconf 88' lang='lat' dir='ltr'>notione</span> <span class='ocrx_word' id='word_1_157' title='bbox 1259 2465 1329 2532; x_wconf 89' lang='lat' dir='ltr'>hoe</span> <span class='ocrx_word' id='word_1_158' title='bbox 1365 2467 1453 2544; x_wconf 73' lang='lat' dir='ltr'>lonc,</span> 
     </span>
     <span class='ocr_line' id='line_1_21' title="bbox 283 2569 1450 2639; baseline -0.002 -5"><span class='ocrx_word' id='word_1_159' title='bbox 283 2569 368 2634; x_wconf 85' lang='lat' dir='ltr'>infra</span> <span class='ocrx_word' id='word_1_160' title='bbox 384 2571 511 2636; x_wconf 88' lang='lat' dir='ltr'>luditur</span> <span class='ocrx_word' id='word_1_161' title='bbox 534 2572 568 2635; x_wconf 92' lang='lat' dir='ltr'>in</span> <span class='ocrx_word' id='word_1_162' title='bbox 591 2573 758 2636; x_wconf 72' lang='lat' dir='ltr'>modulus</span> <span class='ocrx_word' id='word_1_163' title='bbox 780 2571 953 2636; x_wconf 86' lang='lat' dir='ltr'>vocabulo:</span> <span class='ocrx_word' id='word_1_164' title='bbox 982 2571 1096 2639; x_wconf 79' lang='lat' dir='ltr'>‘annos</span> <span class='ocrx_word' id='word_1_165' title='bbox 1120 2591 1168 2637; x_wconf 81' lang='lat' dir='ltr'>xx</span> <span class='ocrx_word' id='word_1_166' title='bbox 1198 2577 1295 2636; x_wconf 89' lang='lat' dir='ltr'>natus</span> <span class='ocrx_word' id='word_1_167' title='bbox 1323 2569 1450 2636; x_wconf 87' lang='lat' dir='ltr'>inferis</span> 
     </span>
     <span class='ocr_line' id='line_1_22' title="bbox 283 2675 1573 2763; baseline -0.003 -21"><span class='ocrx_word' id='word_1_168' title='bbox 283 2682 334 2742; x_wconf 89' lang='lat' dir='ltr'>est</span> <span class='ocrx_word' id='word_1_169' title='bbox 363 2677 550 2743; x_wconf 84' lang='lat' dir='ltr'>mandatus:</span> <span class='ocrx_word' id='word_1_170' title='bbox 579 2679 682 2743; x_wconf 87' lang='lat' dir='ltr'>nolite</span> <span class='ocrx_word' id='word_1_171' title='bbox 711 2678 812 2762; x_wconf 86' lang='lat' dir='ltr'>igitur</span> <span class='ocrx_word' id='word_1_172' title='bbox 839 2701 992 2763; x_wconf 77' lang='lat' dir='ltr'>quaerere</span> <span class='ocrx_word' id='word_1_173' title='bbox 1021 2701 1077 2745; x_wconf 87' lang='lat' dir='ltr'>eur</span> <span class='ocrx_word' id='word_1_174' title='bbox 1104 2681 1210 2744; x_wconf 91' lang='lat' dir='ltr'>minus</span> <span class='ocrx_word' id='word_1_175' title='bbox 1241 2680 1286 2743; x_wconf 87' lang='lat' dir='ltr'>sit</span> <span class='ocrx_word' id='word_1_176' title='bbox 1319 2675 1447 2744; x_wconf 86' lang='lat' dir='ltr'>honori</span> <span class='ocrx_word' id='word_1_177' title='bbox 1572 2733 1573 2752; x_wconf 60' lang='grc'>,</span> 
     </span>
     <span class='ocr_line' id='line_1_23' title="bbox 283 2783 1447 2871; baseline -0.003 -23"><span class='ocrx_word' id='word_1_178' title='bbox 283 2785 534 2870; x_wconf 81' lang='lat' dir='ltr'>magistratuum</span> <span class='ocrx_word' id='word_1_179' title='bbox 568 2783 766 2849; x_wconf 85' lang='lat' dir='ltr'>mandatus&#39;:</span> <span class='ocrx_word' id='word_1_180' title='bbox 804 2807 862 2868; x_wconf 92' lang='lat' dir='ltr'>pro</span> <span class='ocrx_word' id='word_1_181' title='bbox 895 2785 1005 2850; x_wconf 84' lang='lat' dir='ltr'>dativo</span> <span class='ocrx_word' id='word_1_182' title='bbox 1043 2787 1129 2851; x_wconf 88' lang='lat' dir='ltr'>enim</span> <span class='ocrx_word' id='word_1_183' title='bbox 1163 2785 1217 2850; x_wconf 86' lang='lat' dir='ltr'>hio</span> <span class='ocrx_word' id='word_1_184' title='bbox 1249 2789 1314 2871; x_wconf 83' lang='lat' dir='ltr'>est,</span> <span class='ocrx_word' id='word_1_185' title='bbox 1359 2803 1447 2867; x_wconf 83' lang='lat' dir='ltr'>quae</span> 
     </span>
     <span class='ocr_line' id='line_1_24' title="bbox 284 2891 1443 2976; baseline -0.003 -22"><span class='ocrx_word' id='word_1_186' title='bbox 284 2915 382 2974; x_wconf 87' lang='lat' dir='ltr'>supra</span> <span class='ocrx_word' id='word_1_187' title='bbox 411 2914 470 2976; x_wconf 88' lang='lat' dir='ltr'>pro</span> <span class='ocrx_word' id='word_1_188' title='bbox 502 2893 688 2957; x_wconf 82' lang='lat' dir='ltr'>accusativo</span> <span class='ocrx_word' id='word_1_189' title='bbox 719 2896 802 2976; x_wconf 84' lang='lat' dir='ltr'>erat,</span> <span class='ocrx_word' id='word_1_190' title='bbox 837 2891 1018 2957; x_wconf 81' lang='lat' dir='ltr'><strong>HONORE</strong></span> <span class='ocrx_word' id='word_1_191' title='bbox 1049 2893 1163 2958; x_wconf 84' lang='lat' dir='ltr'>forma.</span> <span class='ocrx_word' id='word_1_192' title='bbox 1208 2891 1290 2955; x_wconf 85' lang='lat' dir='ltr'>Tam</span> <span class='ocrx_word' id='word_1_193' title='bbox 1324 2895 1443 2956; x_wconf 86' lang='lat' dir='ltr'>autem</span> 
     </span>
     <span class='ocr_line' id='line_1_25' title="bbox 284 2996 1442 3083; baseline -0.001 -23"><span class='ocrx_word' id='word_1_194' title='bbox 284 3002 405 3061; x_wconf 86' lang='lat' dir='ltr'>certam</span> <span class='ocrx_word' id='word_1_195' title='bbox 429 3001 462 3061; x_wconf 86' lang='lat' dir='ltr'>et</span> <span class='ocrx_word' id='word_1_196' title='bbox 484 3002 630 3080; x_wconf 85' lang='lat' dir='ltr'>apertam</span> <span class='ocrx_word' id='word_1_197' title='bbox 653 2998 688 3062; x_wconf 93' lang='lat' dir='ltr'>in</span> <span class='ocrx_word' id='word_1_198' title='bbox 710 2998 817 3082; x_wconf 88' lang='lat' dir='ltr'>lapide</span> <span class='ocrx_word' id='word_1_199' title='bbox 841 2997 969 3062; x_wconf 87' lang='lat' dir='ltr'><strong>MAND</strong></span> <span class='ocrx_word' id='word_1_200' title='bbox 994 2999 1375 3083; x_wconf 74' lang='lat' dir='ltr'>syllabam&#39;intuemini,</span> <span class='ocrx_word' id='word_1_201' title='bbox 1405 2996 1442 3058; x_wconf 85' lang='lat' dir='ltr'>nt</span> 
     </span>
     <span class='ocr_line' id='line_1_26' title="bbox 283 3102 1440 3198; baseline -0.001 -33"><span class='ocrx_word' id='word_1_202' title='bbox 283 3124 349 3166; x_wconf 89' lang='lat' dir='ltr'>non</span> <span class='ocrx_word' id='word_1_203' title='bbox 378 3102 481 3185; x_wconf 90' lang='lat' dir='ltr'>pluris</span> <span class='ocrx_word' id='word_1_204' title='bbox 512 3125 581 3167; x_wconf 88' lang='lat' dir='ltr'>csse</span> <span class='ocrx_word' id='word_1_205' title='bbox 612 3103 810 3188; x_wconf 81' lang='lat' dir='ltr'>intellegatis</span> <span class='ocrx_word' id='word_1_206' title='bbox 841 3106 926 3198; x_wconf 73' lang='lat' dir='ltr'>quod</span> <span class='ocrx_word' id='word_1_207' title='bbox 954 3105 1182 3170; x_wconf 83' lang='lat' dir='ltr'>Lachmannns</span> <span class='ocrx_word' id='word_1_208' title='bbox 1213 3105 1440 3172; x_wconf 85' lang='lat' dir='ltr'>comminisce-</span> 
     </span>
     <span class='ocr_line' id='line_1_27' title="bbox 284 3207 1437 3294; baseline -0.003 -21"><span class='ocrx_word' id='word_1_209' title='bbox 284 3211 379 3273; x_wconf 87' lang='lat' dir='ltr'>batur</span> <span class='ocrx_word' id='word_1_210' title='bbox 410 3215 541 3293; x_wconf 79' lang='lat' dir='ltr'>muctus,</span> <span class='ocrx_word' id='word_1_211' title='bbox 578 3231 675 3294; x_wconf 86' lang='lat' dir='ltr'>quam</span> <span class='ocrx_word' id='word_1_212' title='bbox 709 3211 793 3294; x_wconf 92' lang='lat' dir='ltr'>quod</span> <span class='ocrx_word' id='word_1_213' title='bbox 825 3233 885 3277; x_wconf 87' lang='lat' dir='ltr'>nos</span> <span class='ocrx_word' id='word_1_214' title='bbox 918 3212 996 3276; x_wconf 91' lang='lat' dir='ltr'>olim</span> <span class='ocrx_word' id='word_1_215' title='bbox 1028 3217 1167 3278; x_wconf 81' lang='lat' dir='ltr'>nanctus.</span> <span class='ocrx_word' id='word_1_216' title='bbox 1212 3211 1262 3276; x_wconf 88' lang='lat' dir='ltr'>De</span> <span class='ocrx_word' id='word_1_217' title='bbox 1296 3207 1437 3278; x_wconf 85' lang='lat' dir='ltr'>ablativi</span> 
     </span>
     <span class='ocr_line' id='line_1_28' title="bbox 284 3315 1436 3406; baseline -0.002 -25"><span class='ocrx_word' id='word_1_218' title='bbox 284 3317 389 3382; x_wconf 85' lang='lat' dir='ltr'>forme</span> <span class='ocrx_word' id='word_1_219' title='bbox 417 3319 529 3382; x_wconf 81' lang='lat' dir='ltr'>uirtuti</span> <span class='ocrx_word' id='word_1_220' title='bbox 556 3316 608 3403; x_wconf 83' lang='lat' dir='ltr'>(eo</span> <span class='ocrx_word' id='word_1_221' title='bbox 638 3317 724 3382; x_wconf 92' lang='lat' dir='ltr'>enim</span> <span class='ocrx_word' id='word_1_222' title='bbox 752 3324 878 3402; x_wconf 84' lang='lat' dir='ltr'>spectat</span> <span class='ocrx_word' id='word_1_223' title='bbox 901 3318 1111 3384; x_wconf 79' lang='lat' dir='ltr'>VIRTVTEI</span> <span class='ocrx_word' id='word_1_224' title='bbox 1135 3315 1324 3406; x_wconf 86' lang='lat' dir='ltr'>scriptura),</span> <span class='ocrx_word' id='word_1_225' title='bbox 1353 3320 1436 3384; x_wconf 83' lang='lat' dir='ltr'>item</span> 
     </span>
     <span class='ocr_line' id='line_1_29' title="bbox 284 3425 1434 3511; baseline -0.003 -24"><span class='ocrx_word' id='word_1_226' title='bbox 284 3425 321 3487; x_wconf 90' lang='lat' dir='ltr'>de</span> <span class='ocrx_word' id='word_1_227' title='bbox 339 3425 460 3506; x_wconf 69' lang='lat' dir='ltr'>posidet</span> <span class='ocrx_word' id='word_1_228' title='bbox 478 3427 511 3489; x_wconf 86' lang='lat' dir='ltr'>et</span> <span class='ocrx_word' id='word_1_229' title='bbox 528 3425 683 3506; x_wconf 73' lang='lat' dir='ltr'>puniretis</span> <span class='ocrx_word' id='word_1_230' title='bbox 701 3427 873 3490; x_wconf 84' lang='lat' dir='ltr'>verborum</span> <span class='ocrx_word' id='word_1_231' title='bbox 893 3447 1058 3511; x_wconf 85' lang='lat' dir='ltr'>mensura,</span> <span class='ocrx_word' id='word_1_232' title='bbox 1080 3449 1145 3491; x_wconf 90' lang='lat' dir='ltr'>non</span> <span class='ocrx_word' id='word_1_233' title='bbox 1165 3430 1215 3492; x_wconf 89' lang='lat' dir='ltr'>est</span> <span class='ocrx_word' id='word_1_234' title='bbox 1232 3449 1290 3490; x_wconf 87' lang='lat' dir='ltr'>cur</span> <span class='ocrx_word' id='word_1_235' title='bbox 1307 3427 1434 3492; x_wconf 83' lang='lat' dir='ltr'>dicatur</span> 
     </span>
    </p>
   </div>
   <div class='ocr_carea' id='block_1_4' title="bbox 283 3529 1435 3726">
    <p class='ocr_par' dir='ltr' id='par_1_10' title="bbox 283 3529 1435 3726">
     <span class='ocr_line' id='line_1_30' title="bbox 283 3529 1435 3618; baseline -0.002 -24"><span class='ocrx_word' id='word_1_236' title='bbox 283 3531 440 3614; x_wconf 89' lang='lat' dir='ltr'>pluribus.</span> <span class='ocrx_word' id='word_1_237' title='bbox 485 3529 681 3596; x_wconf 85' lang='lat' dir='ltr'>Productam</span> <span class='ocrx_word' id='word_1_238' title='bbox 699 3533 734 3596; x_wconf 91' lang='lat' dir='ltr'>in</span> <span class='ocrx_word' id='word_1_239' title='bbox 753 3535 821 3597; x_wconf 80' lang='lat' dir='ltr'>uita</span> <span class='ocrx_word' id='word_1_240' title='bbox 839 3533 1040 3598; x_wconf 86' lang='lat' dir='ltr'>nominativo</span> <span class='ocrx_word' id='word_1_241' title='bbox 1059 3535 1209 3600; x_wconf 88' lang='lat' dir='ltr'>ultimam</span> <span class='ocrx_word' id='word_1_242' title='bbox 1229 3533 1309 3598; x_wconf 83' lang='lat' dir='ltr'>satis</span> <span class='ocrx_word' id='word_1_243' title='bbox 1328 3549 1435 3618; x_wconf 89' lang='lat' dir='ltr'>nuper</span> 
     </span>
     <span class='ocr_line' id='line_1_31' title="bbox 284 3636 1433 3726; baseline -0.002 -25"><span class='ocrx_word' id='word_1_244' title='bbox 284 3637 465 3702; x_wconf 88' lang='lat' dir='ltr'>defendisse</span> <span class='ocrx_word' id='word_1_245' title='bbox 480 3636 625 3702; x_wconf 86' lang='lat' dir='ltr'>videmur</span> <span class='ocrx_word' id='word_1_246' title='bbox 638 3636 743 3702; x_wconf 87' lang='lat' dir='ltr'>Musei</span> <span class='ocrx_word' id='word_1_247' title='bbox 758 3638 907 3703; x_wconf 86' lang='lat' dir='ltr'>Rhenani</span> <span class='ocrx_word' id='word_1_248' title='bbox 922 3643 944 3703; x_wconf 90' lang='lat' dir='ltr'>t.</span> <span class='ocrx_word' id='word_1_249' title='bbox 959 3637 1038 3706; x_wconf 86' lang='lat' dir='ltr'>XIV</span> <span class='ocrx_word' id='word_1_250' title='bbox 1052 3663 1082 3724; x_wconf 93' lang='lat' dir='ltr'>p.</span> <span class='ocrx_word' id='word_1_251' title='bbox 1093 3639 1158 3704; x_wconf 84' lang='lat'>405</span> <span class='ocrx_word' id='word_1_252' title='bbox 1174 3643 1286 3726; x_wconf 85' lang='lat' dir='ltr'>[supra</span> <span class='ocrx_word' id='word_1_253' title='bbox 1299 3663 1330 3726; x_wconf 92' lang='lat' dir='ltr'>p.</span> <span class='ocrx_word' id='word_1_254' title='bbox 1341 3639 1433 3718; x_wconf 75' lang='lat'><strong>4131.</strong></span> 
     </span>
    </p>
   </div>
   <div class='ocr_carea' id='block_1_5' title="bbox 283 3812 1427 4331">
    <p class='ocr_par' dir='ltr' id='par_1_11' title="bbox 284 3812 1427 3974">
     <span class='ocr_line' id='line_1_32' title="bbox 372 3812 1427 3884; baseline 0.001 -18"><span class='ocrx_word' id='word_1_255' title='bbox 372 3812 397 3882; x_wconf 79' lang='lat'>*)</span> <span class='ocrx_word' id='word_1_256' title='bbox 417 3812 607 3884; x_wconf 83' lang='lat' dir='ltr'>[Prooemium</span> <span class='ocrx_word' id='word_1_257' title='bbox 645 3813 748 3868; x_wconf 80' lang='lat' dir='ltr'>Indicis</span> <span class='ocrx_word' id='word_1_258' title='bbox 785 3813 944 3868; x_wconf 81' lang='lat' dir='ltr'>scholarum</span> <span class='ocrx_word' id='word_1_259' title='bbox 978 3814 1147 3870; x_wconf 83' lang='lat' dir='ltr'>aestivarum</span> <span class='ocrx_word' id='word_1_260' title='bbox 1186 3816 1372 3872; x_wconf 86' lang='lat' dir='ltr'>Bonnensium</span> <span class='ocrx_word' id='word_1_261' title='bbox 1405 3829 1427 3868; x_wconf 80' lang='lat' dir='ltr'>a.</span> 
     </span>
     <span class='ocr_line' id='line_1_33' title="bbox 284 3901 515 3974; baseline -0.013 -16"><span class='ocrx_word' id='word_1_262' title='bbox 284 3901 515 3974; x_wconf 63' lang='lat' dir='ltr'>clolucccnx]</span> 
     </span>
    </p>

    <p class='ocr_par' dir='ltr' id='par_1_12' title="bbox 283 3991 1427 4331">
     <span class='ocr_line' id='line_1_34' title="bbox 354 3991 1426 4064; baseline 0.001 -18"><span class='ocrx_word' id='word_1_263' title='bbox 354 3991 395 4062; x_wconf 67' lang='lat'>¹¹²²²)</span> <span class='ocrx_word' id='word_1_264' title='bbox 415 3993 499 4064; x_wconf 85' lang='lat' dir='ltr'>[Hinc</span> <span class='ocrx_word' id='word_1_265' title='bbox 518 4009 604 4061; x_wconf 85' lang='lat' dir='ltr'>nsque</span> <span class='ocrx_word' id='word_1_266' title='bbox 623 3991 659 4046; x_wconf 86' lang='lat' dir='ltr'>ad</span> <span class='ocrx_word' id='word_1_267' title='bbox 678 4011 705 4063; x_wconf 91' lang='lat' dir='ltr'>p.</span> <span class='ocrx_word' id='word_1_268' title='bbox 721 3991 746 4046; x_wconf 90' lang='lat' dir='ltr'>V</span> <span class='ocrx_word' id='word_1_269' title='bbox 761 3991 931 4048; x_wconf 84' lang='lat' dir='ltr'>Ritschelius</span> <span class='ocrx_word' id='word_1_270' title='bbox 950 3995 1078 4064; x_wconf 83' lang='lat' dir='ltr'>exempla</span> <span class='ocrx_word' id='word_1_271' title='bbox 1092 3995 1128 4049; x_wconf 81' lang='lat' dir='ltr'>cd</span> <span class='ocrx_word' id='word_1_272' title='bbox 1144 3995 1345 4051; x_wconf 86' lang='lat' dir='ltr'>restituendum</span> <span class='ocrx_word' id='word_1_273' title='bbox 1360 3993 1426 4049; x_wconf 85' lang='lat' dir='ltr'>titu-</span> 
     </span>
     <span class='ocr_line' id='line_1_35' title="bbox 283 4081 1427 4152; baseline -0.003 -16"><span class='ocrx_word' id='word_1_274' title='bbox 283 4082 341 4137; x_wconf 90' lang='lat' dir='ltr'>lnm</span> <span class='ocrx_word' id='word_1_275' title='bbox 356 4082 485 4138; x_wconf 72' lang='lat' dir='ltr'>mnnita</span> <span class='ocrx_word' id='word_1_276' title='bbox 500 4081 641 4136; x_wconf 81' lang='lat' dir='ltr'>enarravit</span> <span class='ocrx_word' id='word_1_277' title='bbox 659 4084 688 4136; x_wconf 90' lang='lat' dir='ltr'>et</span> <span class='ocrx_word' id='word_1_278' title='bbox 706 4081 878 4150; x_wconf 66' lang='lat' dir='ltr'>diiudicent,</span> <span class='ocrx_word' id='word_1_279' title='bbox 896 4099 966 4152; x_wconf 82' lang='lat' dir='ltr'>quae</span> <span class='ocrx_word' id='word_1_280' title='bbox 981 4083 1077 4138; x_wconf 86' lang='lat' dir='ltr'>omnia</span> <span class='ocrx_word' id='word_1_281' title='bbox 1089 4083 1192 4139; x_wconf 83' lang='lat' dir='ltr'>iterato</span> <span class='ocrx_word' id='word_1_282' title='bbox 1206 4083 1235 4138; x_wconf 92' lang='lat' dir='ltr'>in</span> <span class='ocrx_word' id='word_1_283' title='bbox 1246 4083 1427 4138; x_wconf 76' lang='lat' dir='ltr'>Enarratione</span> 
     </span>
     <span class='ocr_line' id='line_1_36' title="bbox 284 4171 1425 4242; baseline 0 -17"><span class='ocrx_word' id='word_1_284' title='bbox 284 4172 444 4226; x_wconf 72' lang='lat' dir='ltr'>tabularum</span> <span class='ocrx_word' id='word_1_285' title='bbox 467 4189 493 4241; x_wconf 89' lang='lat' dir='ltr'>p.</span> <span class='ocrx_word' id='word_1_286' title='bbox 510 4177 543 4225; x_wconf 78' lang='lat'>32</span> <span class='ocrx_word' id='word_1_287' title='bbox 559 4173 587 4225; x_wconf 88' lang='lat' dir='ltr'>et</span> <span class='ocrx_word' id='word_1_288' title='bbox 600 4177 636 4225; x_wconf 73' lang='lat'>34</span> <span class='ocrx_word' id='word_1_289' title='bbox 650 4189 689 4239; x_wconf 89' lang='lat' dir='ltr'>sq.</span> <span class='ocrx_word' id='word_1_290' title='bbox 710 4171 756 4226; x_wconf 92' lang='lat' dir='ltr'>hic</span> <span class='ocrx_word' id='word_1_291' title='bbox 780 4171 936 4242; x_wconf 82' lang='lat' dir='ltr'>omisimus;</span> <span class='ocrx_word' id='word_1_292' title='bbox 962 4171 1125 4242; x_wconf 88' lang='lat' dir='ltr'>reliquimus</span> <span class='ocrx_word' id='word_1_293' title='bbox 1149 4172 1237 4228; x_wconf 86' lang='lat' dir='ltr'>solum</span> <span class='ocrx_word' id='word_1_294' title='bbox 1262 4171 1425 4241; x_wconf 80' lang='lat' dir='ltr'>disputatio·</span> 
     </span>
     <span class='ocr_line' id='line_1_37' title="bbox 285 4243 1426 4331; baseline -0.001 -18"><span class='ocrx_word' id='word_1_295' title='bbox 285 4276 349 4314; x_wconf 88' lang='lat' dir='ltr'>nem</span> <span class='ocrx_word' id='word_1_296' title='bbox 367 4261 401 4315; x_wconf 86' lang='lat' dir='ltr'>da</span> <span class='ocrx_word' id='word_1_297' title='bbox 425 4260 494 4331; x_wconf 82' lang='lat' dir='ltr'>ipsis</span> <span class='ocrx_word' id='word_1_298' title='bbox 513 4261 638 4315; x_wconf 82' lang='lat' dir='ltr'>versibus</span> <span class='ocrx_word' id='word_1_299' title='bbox 657 4261 686 4314; x_wconf 95' lang='lat' dir='ltr'>in</span> <span class='ocrx_word' id='word_1_300' title='bbox 705 4261 758 4316; x_wconf 89' lang='lat' dir='ltr'>line</span> <span class='ocrx_word' id='word_1_301' title='bbox 777 4243 994 4331; x_wconf 80' lang='lat' dir='ltr'>programmatis</span> <span class='ocrx_word' id='word_1_302' title='bbox 1012 4261 1185 4330; x_wconf 82' lang='lat' dir='ltr'>institutam,</span> <span class='ocrx_word' id='word_1_303' title='bbox 1210 4277 1280 4330; x_wconf 84' lang='lat' dir='ltr'>quse</span> <span class='ocrx_word' id='word_1_304' title='bbox 1299 4259 1426 4330; x_wconf 80' lang='lat' dir='ltr'>quamvis</span> 
     </span>
    </p>
   </div>
   <div class='ocr_carea' id='block_1_6' title="bbox 284 4348 1423 4509">
    <p class='ocr_par' dir='ltr' id='par_1_13' title="bbox 284 4348 1423 4509">
     <span class='ocr_line' id='line_1_38' title="bbox 284 4348 1423 4420; baseline 0.001 -19"><span class='ocrx_word' id='word_1_305' title='bbox 284 4348 346 4418; x_wconf 78' lang='lat' dir='ltr'>ipss</span> <span class='ocrx_word' id='word_1_306' title='bbox 364 4349 381 4405; x_wconf 94' lang='lat' dir='ltr'>l.</span> <span class='ocrx_word' id='word_1_307' title='bbox 397 4369 418 4406; x_wconf 82' lang='lat' dir='ltr'>s.</span> <span class='ocrx_word' id='word_1_308' title='bbox 434 4367 454 4405; x_wconf 84' lang='lat' dir='ltr'>s.</span> <span class='ocrx_word' id='word_1_309' title='bbox 470 4349 591 4420; x_wconf 79' lang='lat' dir='ltr'>repetita</span> <span class='ocrx_word' id='word_1_310' title='bbox 604 4351 658 4406; x_wconf 90' lang='lat' dir='ltr'>hoe</span> <span class='ocrx_word' id='word_1_311' title='bbox 672 4365 783 4420; x_wconf 87' lang='lat' dir='ltr'>quoque</span> <span class='ocrx_word' id='word_1_312' title='bbox 798 4349 861 4405; x_wconf 89' lang='lat' dir='ltr'>loeo</span> <span class='ocrx_word' id='word_1_313' title='bbox 879 4367 935 4404; x_wconf 90' lang='lat' dir='ltr'>non</span> <span class='ocrx_word' id='word_1_314' title='bbox 953 4350 1013 4404; x_wconf 86' lang='lat' dir='ltr'>sine</span> <span class='ocrx_word' id='word_1_315' title='bbox 1028 4350 1120 4406; x_wconf 78' lang='lat' dir='ltr'>fructu</span> <span class='ocrx_word' id='word_1_316' title='bbox 1135 4349 1195 4405; x_wconf 80' lang='lat' dir='ltr'>visa</span> <span class='ocrx_word' id='word_1_317' title='bbox 1209 4349 1253 4405; x_wconf 87' lang='lat' dir='ltr'>est</span> <span class='ocrx_word' id='word_1_318' title='bbox 1266 4349 1322 4418; x_wconf 82' lang='lat' dir='ltr'>legi</span> <span class='ocrx_word' id='word_1_319' title='bbox 1337 4365 1423 4419; x_wconf 88' lang='lat' dir='ltr'>posse.</span> 
     </span>
     <span class='ocr_line' id='line_1_39' title="bbox 285 4436 385 4509; baseline 0.02 -19"><span class='ocrx_word' id='word_1_320' title='bbox 285 4436 314 4492; x_wconf 85' lang='lat' dir='ltr'>C.</span> <span class='ocrx_word' id='word_1_321' title='bbox 329 4438 385 4509; x_wconf 85' lang='lat' dir='ltr'>W.]</span> 
     </span>
    </p>
   </div>
   <div class='ocr_carea' id='block_1_7' title="bbox 0 0 1618 5060">
    <p class='ocr_par' dir='ltr' id='par_1_14' title="bbox 0 0 1618 5060">
     <span class='ocr_line' id='line_1_40' title="bbox 0 0 1618 5060; baseline 0 0"><span class='ocrx_word' id='word_1_322' title='bbox 0 0 1618 5060; x_wconf 95' lang='lat' dir='ltr'> </span> 
     </span>
    </p>
   </div>
  </div>
 </body>
</html>
