3216 5082
317 353 382 417 542
557 369 700 418 narseus
723 369 948 418 uarrurrsrrs
972 367 1225 418 rmoaaearean

522 511 1257 589 ...Lino-euulsa...

521 618 1261 690 usuxTILIVS-Muuuu

521 725 1260 793 u-BAEBIVS2M·L⁴PAM

1033 830 1260 900 anulo

317 955 403 1020 Hiuo
427 959 534 1020 autem
558 978 758 1041 consequens
783 961 833 1021 est
858 961 893 1021 ut
915 958 949 1022 in
973 957 1061 1021 exitu
1081 979 1191 1020 versus
1214 955 1311 1038 primi
1336 955 1389 1019 rix
1411 976 1461 1038 po·

317 1065 416 1128 merit
448 1064 503 1130 alii
535 1065 660 1129 nomini
692 1065 782 1130 loeus
811 1085 882 1128 esse
909 1064 973 1129 nisi
1005 1065 1034 1128 ei
1063 1063 1150 1147 quod
1180 1065 1231 1126 est
1258 1060 1463 1126 GABEINA.

268 1170 358 1235 1in
386 1172 488 1258 igitur
516 1172 657 1235 ...labe
680 1171 715 1251 Q.
736 1172 761 1251 f.
785 1171 927 1236 Gabinae
954 1171 989 1234 in
1015 1173 1168 1253 prompt-u
1197 1171 1247 1232 est
1268 1167 1331 1232 hoo
1354 1189 1462 1232 monu-

318 1280 464 1341 mentum
491 1276 639 1360 posuisse
668 1277 715 1340 M.
734 1275 899 1342 Saotiliuru
922 1277 970 1342 M.
994 1277 1013 1340 l.
1032 1277 1185 1340 Horarum
1215 1275 1265 1340 vel
1289 1275 1463 1339 Hermetmt

318 1380 401 1466 (sire
424 1383 592 1448 Hermiou
615 1384 717 1447 males
740 1381 791 1446 vel
815 1384 1025 1466 Hermippum
1047 1382 1280 1447 Hermocratem
1301 1379 1462 1445 Herooleo-

317 1511 387 1554 uem
414 1490 610 1554 Heraclitum
642 1490 834 1556 Herodotum
866 1493 899 1553 et
929 1491 957 1552 si
984 1511 1048 1574 qua
1076 1493 1152 1554 sunt
1183 1486 1320 1573 similia)
1352 1491 1388 1552 et
1419 1486 1463 1552 M.

318 1596 473 1662 Baebium
496 1597 543 1661 M.
564 1598 582 1660 l.
602 1596 803 1679 Pamphilum
826 1595 909 1683 (sive
931 1595 1140 1662 Pammaehus
1161 1593 1317 1680 placebit)
1341 1596 1462 1658 antuus.
1553 1605 1554 1608 ’

407 1705 502 1769 Illam
518 1709 627 1770 autem
642 1704 687 1769 ΕΙ
702 1705 950 1790 diphthongum,
962 1725 1044 1788 quae
1059 1703 1236 1768 GABEiua
1250 1707 1283 1767 et
1299 1700 1463 1767 Anulus·

319 1813 550 1876 vocabulorum
575 1812 752 1876 eommunis
772 1814 831 1896 est,
854 1833 927 1876 oum
947 1811 1038 1896 gravi
1061 1833 1130 1876 esse
1151 1833 1260 1876 eorum
1280 1814 1462 1894 temporum
1553 1859 1554 1862 η

319 1923 510 2003 argumento
530 1915 669 1982 didimus
690 1940 773 2002 quae
790 1919 921 1983 filerunt
938 1917 1060 1982 liberae
1077 1919 1123 1982 rei
1140 1917 1299 2000 publicae,
1321 1917 1353 1981 id
1370 1937 1461 2000 quam
1553 1939 1554 1972 t

319 2026 383 2088 vim
408 2024 530 2089 habeat
553 2026 662 2110 paullo
687 2025 868 2090 accuratius
898 2048 968 2090 esse
996 2025 1210 2090 definiendum
1238 2023 1463 2109 intellegimus.

320 2133 368 2195 Ao
387 2131 526 2214 primum
550 2133 630 2196 satis
654 2136 782 2198 constat
805 2133 924 2197 diutius
947 2133 1038 2196 illam
1061 2132 1096 2196 in
1119 2131 1349 2196 terminatione
1372 2151 1462 2195 voca-

319 2236 469 2302 bulorum
501 2238 660 2324 haesisse,
694 2239 789 2304 eitius
818 2261 838 2302 a
865 2238 1001 2322 syllabis
1034 2237 1149 2302 mediis
1183 2238 1285 2302 areeri
1318 2243 1462 2322 coeptam

320 2367 398 2410 esse.
449 2343 511 2410 Sed
539 2335 580 2410 he
609 2347 874 2411 terminationum
904 2346 1033 2430 quidem
1064 2367 1129 2410 uua
1161 2346 1337 2429 eademque
1369 2344 1462 2410 ratio:

319 2474 378 2516 nee
402 2451 487 2516 enim
511 2453 563 2516 rel
586 2452 621 2516 in
644 2453 757 2518 formis
781 2452 966 2516 verbalibus
996 2452 1047 2516 vel
1072 2452 1106 2515 in
1130 2452 1274 2536 ipsorum
1297 2451 1463 2517 nominum

320 2559 469 2642 genetivo
494 2557 665 2643 dativoque
689 2560 846 2644 singulari
865 2559 1128 2643 nominativoque
1150 2559 1270 2642 plurali
1293 2559 1463 2642 imperato·
1553 2615 1554 2620 ,

319 2686 391 2728 rum
415 2669 505 2729 aetas
529 2665 767 2751 diphthongum
787 2666 850 2729 nisi
869 2665 951 2730 raris
972 2663 1125 2750 exemplis
1145 2664 1295 2748 servavit,
1319 2663 1463 2728 substitit
1553 2681 1554 2714 t

319 2771 385 2834 fere
408 2771 442 2834 in
465 2772 537 2836 unis
556 2772 675 2836 dativis
695 2773 908 2857 ablativisque
927 2772 1118 2856 pluralibus,
1136 2793 1333 2856 quamquam
1354 2793 1397 2835 ne
1416 2769 1463 2834 hio
1553 2785 1554 2832 t

321 2876 451 2960 quidem
479 2878 531 2942 rel
559 2901 631 2943 eum
655 2879 766 2963 aliqua
788 2881 973 2944 constantia
1000 2879 1066 2962 vel,
1098 2880 1127 2944 si
1150 2877 1288 2960 alonge
1311 2875 1462 2962 paueissi·

320 2983 382 3046 mis
396 2983 544 3048 dubiisve
559 2983 756 3068 discesseris
774 2987 878 3050 ultra
900 2990 1075 3070 tempora
1093 2983 1273 3050 Caesaris
1291 2983 1462 3071 Augusti.

320 3088 433 3172 Itaque
457 3089 529 3172 ipsa
546 3090 717 3173 Augustae
741 3094 848 3155 aetate
871 3113 1004 3174 perrara
1028 3095 1103 3156 sunt
1126 3095 1159 3156 et
1182 3113 1220 3156 ex
1244 3097 1338 3176 parte
1358 3093 1461 3176 singu-
1553 3105 1554 3120 ³

321 3196 413 3280 lama,
437 3195 579 3280 qualium
603 3196 638 3260 iu
661 3199 893 3263 vetustioribus
918 3199 1022 3264 titulis
1046 3221 1113 3262 uon
1137 3198 1253 3284 exigua
1276 3198 1461 3284 frequentia,
1553 3237 1554 3248 .

320 3303 410 3368 velut
437 3302 569 3391 haeo*):
601 3305 758 3390 temporis
784 3328 867 3370 anuo
892 3307 954 3371 731
987 3306 1105 3390 prioris
1129 3303 1402 3370 PTOLEMAIEI
1423 3303 1462 3390 (si
1553 3283 1554 3368 f

320 3410 416 3477 modo
450 3413 529 3476 satis
562 3413 637 3478 huie
670 3413 801 3478 lectioni
831 3412 921 3496 fidei)
954 3412 1174 3478 Orell-Henz.
1205 3435 1236 3477 n.
1255 3413 1356 3498 53113
1388 3414 1461 3478 item
1553 3419 1554 3468 l

321 3519 396 3582 anni
419 3521 480 3583 741
506 3517 739 3584 MERENTEI
764 3519 816 3585 Or.
836 3521 938 3586 2863:
962 3557 1005 3566 —
1029 3541 1090 3604 quo
1116 3519 1240 3586 accedit
1262 3519 1462 3604 antiquitatis
1553 3517 1554 3572 ζ

322 3625 552 3693 consuetudine
571 3633 753 3711 propagata
772 3628 934 3711 scriptura
947 3625 1105 3708 Puussul
1125 3627 1280 3710 temporis
1300 3649 1385 3691 anno
1403 3615 1468 3691 834Ι

320 3732 513 3816 posterioris
538 3731 590 3796 Or.
607 3733 669 3796 748
695 3731 743 3813 [Ο.
757 3733 781 3796 Ι.
797 3733 830 3798 L.
850 3732 925 3816 V‚2
943 3755 973 3796 u.
990 3733 1100 3814 7007}
1131 3731 1311 3818 Aliquanto
1331 3732 1462 3816 saepius,

402 3877 471 3884 ‘—

411 3943 437 4012 *)
456 3943 595 3996 Incertam
614 3957 672 3996 esse
692 3943 773 3997 video
792 3942 820 3996 iu
839 3941 905 3996 anni
924 3947 947 3998 α’.
963 3949 1014 3997 'tlt
1038 3946 1150 3998 senatus
1170 3943 1302 3998 'consulto
1322 3942 1460 3998 On-Hena
1553 4001 1554 4006 ἵ

323 4031 505 4101 6382[V1‚1
532 4048 558 4084 n.
574 4030 638 4102 911]
662 4030 700 4100 ΙΙ,
722 4037 754 4085 14
777 4029 897 4085 ulnus}
923 4031 1101 4101 scripturam:
1129 4031 1177 4086 ubi
1199 4048 1255 4086 uon
1278 4031 1385 4087 minore
1407 4030 1460 4085 iure
1553 4039 1554 4062 l

323 4121 407 4174 tuisse
426 4117 559 4173 FIEREN
580 4119 727 4189 suspicere.
742 4151 775 4160 -
797 4119 924 4175 Ceterum
943 4119 1086 4174 sciendum
1105 4121 1149 4175 est
1162 4119 1317 4175 certissimo
1336 4136 1386 4174 nos
1402 4135 1461 4173 eou-

323 4207 387 4262 silio
405 4207 435 4262 in
453 4208 493 4262 eis
512 4207 563 4262 has
582 4208 786 4279 disputationes
804 4208 895 4282 titulis
914 4209 1056 4264 continere
1081 4209 1130 4277 qui
1150 4211 1255 4264 emtam
1273 4207 1319 4262 rel
1337 4207 1404 4264 suni
1420 4203 1460 4260 rel
1553 4209 1554 4220 ¹

324 4297 423 4351 saltum
442 4297 543 4352 aetatis
560 4299 656 4352 notam
674 4297 793 4352 habent:
817 4296 866 4365 qui
884 4297 952 4351 fines
971 4296 1038 4365 nisi,
1057 4299 1088 4351 ut
1106 4297 1190 4352 hodie
1208 4313 1252 4352 res
1270 4299 1327 4365 eat,
1345 4293 1460 4366 partina·

324 4385 383 4442 eins
400 4387 589 4458 observantur,
607 4387 759 4443 verendum
776 4387 889 4442 ridetur
907 4404 943 4443 ne
962 4387 1057 4442 omnia
1075 4404 1177 4457 susque
1196 4386 1286 4455 deque
1303 4385 1460 4446 habeantur,
1553 4383 1554 4388 ’

324 4477 400 4530 corta
418 4479 512 4532 autem
531 4481 560 4533 et
578 4477 711 4532 distincta
728 4475 844 4530 seientia
862 4493 974 4546 prorsus
992 4477 1129 4532 eludatur.
