3116 5066
463 375 611 424 uruvuvs
635 375 853 422 mvmmrauvs.
1164 355 1225 418 109

102 515 164 594 Quis
177 522 267 596 poter
288 517 345 580 orit
362 517 509 598 copadtas
531 517 612 608 sodet
628 539 683 583 rios
701 519 807 582 cdntro
830 517 917 594 tosti,
942 536 1022 599 quse
1046 514 1092 578 sic
1116 513 1226 598 digero

101 621 228 686 iambicis
247 621 405 686 numeris:

194 813 203 828 .
245 815 252 830 .
299 817 305 830 .
362 764 1103 852 quisnospaiterautcognatdsuolet

194 871 337 937 Gontrsi
360 872 487 936 tueri?

102 1033 199 1077 caussa
216 1013 346 1098 quidem
374 1018 472 1099 atque
504 1016 629 1080 ratione
653 1015 728 1099 hac,
761 1017 846 1100 quod
873 1018 956 1082 istac
978 1018 1084 1081 aetate
1107 1013 1227 1098 corripi

102 1121 227 1198 potuisse
245 1127 351 1184 contro
370 1143 463 1206 nego.
499 1120 585 1185 Nam
604 1143 662 1206 pro
682 1121 740 1187 illo
759 1121 919 1206 Enniam,
942 1126 979 1186 ut
996 1125 1121 1205 putant,
1141 1121 1228 1204 apud

102 1221 230 1289 Servium
257 1227 289 1291 in
315 1227 394 1291 Aen.
419 1225 508 1310 VIII,
535 1227 598 1292 361
633 1227 748 1293 Cdotra
779 1231 968 1306 cor-inuata,
1000 1228 1139 1312 pridem
1157 1249 1229 1312 pro-

101 1331 226 1411 positum
245 1328 302 1397 'Ac
324 1334 431 1398 conlrd
458 1334 605 1399 comorius
629 1335 808 1418 amplector
831 1335 894 1400 hoc
917 1335 1140 1417 confidentius,
1164 1356 1227 1418 quo
1276 1352 1295 1386 ⁴

102 1439 204 1504 certius
229 1439 312 1504 hanc
338 1440 427 1504 verbi
457 1441 595 1505 obsoleti
623 1462 807 1506 mensuram
835 1445 868 1505 et
890 1442 974 1506 ratio
997 1442 1108 1506 firmat
1131 1463 1227 1526 quam

102 1565 172 1608 nunc
193 1547 351 1630 explicare
375 1547 509 1632 longum
529 1550 587 1630 est,
611 1552 644 1610 et
662 1547 745 1611 alter
764 1569 875 1611 versus
895 1551 1036 1612 testatur
1055 1549 1095 1612 ab
1115 1548 1227 1612 eodem

103 1647 200 1716 Servio
222 1652 367 1735 proditus
392 1703 399 1717 .
422 1703 429 1718 .
453 1703 460 1716 .
483 1674 577 1734 aeque
598 1674 646 1718 me
667 1653 746 1718 hdnc
768 1654 981 1718 coriadntdasc
999 1656 1083 1719 diere
1105 1654 1228 1718 cbdrtis.
1282 1733 1288 1740 Ι

176 1775 247 1842 Non
279 1781 477 1862 exaequatae
512 1784 620 1844 autem
654 1800 725 1842 cum
758 1779 1022 1862 pronuntiatione
1051 1779 1228 1862 scripturae

103 1883 253 1966 exemplis,
280 1885 391 1966 qualia
419 1907 516 1968 supra
539 1886 647 1970 tetigi,
676 1886 775 1950 etiam
799 1885 1026 1969 monosyllaba
1049 1908 1076 1949 1.
1100 1885 1120 1950 3
1145 1883 1227 1951 SVO

104 1993 130 2049 et
148 1987 230 2054 'ivs
254 1989 400 2056 addenda
429 1996 512 2056 sunt.
557 1989 620 2056 Sed
649 1993 847 2077 exaequandi
870 1993 1046 2077 periculum
1070 1992 1169 2057 etiam
1192 1993 1227 2057 in
1241 1997 1299 2038 ΧΠ
1342 2006 1347 2016 ·

103 2091 154 2158 hoo
174 2115 285 2180 genere
311 2098 434 2162 factum
463 2102 525 2181 est,
553 2103 586 2162 et
614 2098 654 2162 ab
678 2097 784 2164 Ennio
814 2099 957 2184 quidem,
984 2098 1048 2164 uisi
1076 2121 1148 2164 mea
1177 2123 1229 2165 me

105 2201 271 2268 coniectura
297 2204 400 2269 fallit:
430 2226 525 2288 quem
554 2227 627 2269 cum
655 2209 906 2270 consentaneum
934 2210 985 2271 est
1009 2209 1079 2270 tum
1108 2229 1145 2271 ex
1174 2207 1229 2271 ob-

106 2313 234 2377 scuratae
272 2311 448 2376 memoriae
485 2311 634 2394 vestigiis
671 2312 864 2396 quibusdam
893 2301 1103 2398 'intellegitur
1143 2313 1229 2378 haud

105 2416 230 2496 paullum
267 2419 330 2502 ipsi
363 2419 594 2502 grammaticae
631 2419 843 2485 stabiliendae
881 2419 1161 2503 emendandaeque
1198 2424 1230 2484 et

106 2522 249 2588 studuisse
281 2529 315 2590 et
344 2525 516 2608 profuisse.
560 2524 675 2610 Itaque
707 2526 742 2591 in
772 2526 857 2591 hanc
885 2530 1010 2609 partem
1040 2525 1101 2590 hoc
1131 2527 1229 2589 inter·

106 2633 211 2712 pretor,
238 2631 322 2715 quod
352 2630 498 2695 dativum
523 2653 633 2696 casum
657 2631 781 2696 Ennius
806 2629 868 2696 Sis
892 2632 1045 2696 extulisse
1070 2631 1188 2695 dicitur
1210 2654 1230 2695 a

106 2731 188 2800 Festo
209 2760 237 2820 p.
260 2739 335 2820 301,
360 2739 400 2802 19
425 2737 487 2802 hoc
505 2761 613 2802 versu:
637 2739 805 2822 Postquam
824 2739 944 2802 tussiae
962 2739 1006 2802 cis
1024 2739 1118 2803 ocutis
1136 2739 1231 2803 bonas

107 2841 198 2907 dacis
218 2845 354 2927 reliquit:
378 2845 429 2908 cui
452 2845 635 2928 propinqua
658 2851 733 2930 sunt
755 2867 803 2910 sos
826 2867 885 2928 pro
908 2865 978 2910 saos
1002 2843 1121 2908 ibidem
1145 2865 1230 2910 com·

108 2955 301 3016 memoratum
334 2956 367 3015 et
398 2971 467 3016 sora
498 2974 556 3034 pro
587 2973 677 3016 soom
709 2953 742 3017 in
772 2953 866 3017 Pauli
899 2953 1040 3036 epitome
1070 2977 1097 3038 p.
1120 2955 1177 3037 47,
1201 2955 1231 3018 3.

108 3049 191 3120 Cuius
216 3058 391 3142 scripturae
420 3058 603 3142 exemplum
631 3057 699 3123 TIS
726 3081 785 3142 pro
816 3061 878 3124 tais
905 3059 989 3142 lapis
1013 3059 1111 3124 villae
1135 3059 1231 3124 Alba·

107 3179 159 3220 aas
173 3159 224 3245 11,
245 3165 304 3229 ras
325 3162 554 3251 (11484101.)
574 3165 729 3230 servavit:
754 3161 862 3230 oum-
876 3163 1230 3232 vius-saumas-
1356 3152 1366 3168 “

109 3259 258 3334 ludusa
270 3305 278 3320 ·
292 3268 361 3335 TlS
376 3306 382 3318 ·
398 3269 551 3336 VMBRA
567 3307 572 3320 ·
589 3269 773 3336 FlGVRIS.
814 3271 876 3336 Sed
895 3271 1006 3337 eadem
1029 3279 1139 3337 tamen
1158 3295 1231 3356 pro-

109 3375 256 3440 nuntiandi
284 3377 463 3441 contractio
493 3378 641 3460 neglecta
666 3383 716 3442 est
740 3380 908 3444 scribendo
932 3379 967 3442 in
990 3377 1149 3462 Scipionis
1173 3379 1230 3442 Hi-

111 3481 187 3557 spani
208 3484 326 3570 clogio:
457 3565 461 3572 Ι

179 3605 349 3674 Virtutes
374 3609 527 3694 generis
552 3609 662 3674 mieis
686 3611 861 3676 moribus
886 3611 1142 3693 accumuleui,
1214 3685 1215 3688 Ἴ

112 3745 273 3834 pariterque
300 3750 335 3814 in
366 3748 594 3834 antiquissimo
627 3747 711 3833 apud
740 3750 954 3816 Muratorium
986 3775 1016 3836 p.
1041 3753 1118 3836 658,
1146 3756 1159 3817 1
1187 3748 1232 3837 (n.

113 3846 268 3940 161301.)
292 3855 480 3938 carmine*)‚
503 3855 575 3938 ipsa
598 3857 678 3920 adeo
702 3855 854 3922 sovmls
877 3859 982 3924 forma
1005 3859 1233 3943 monosyllaba

115 3951 223 4045 insigni,
246 3961 331 4048 quod
355 3961 401 4026 sic
425 3985 495 4027 csse
519 3963 723 4028 scribendum
747 3965 901 4031 arbitror:

115 4113 300 4131 “u—

179 4207 201 4272 *)
214 4206 294 4278 [Vide
307 4223 382 4262 nunc
395 4209 426 4263 P.
440 4207 470 4262 L.
486 4207 523 4262 11.
539 4209 568 4265 Ε.
583 4209 639 4266 tab.
655 4211 743 4264 XLIX
759 4211 797 4280 G;
813 4211 841 4266 C.
856 4211 875 4266 1.
892 4211 920 4266 L.
937 4211 989 4265 111.
1007 4217 1081 4266 1297.
1098 4209 1138 4264 ef.
1154 4227 1232 4280 prac-

115 4287 177 4344 terea
193 4295 258 4350 bion
274 4297 362 4368 epigr.
376 4299 411 4354 tr.
426 4297 511 4364 (intra
523 4315 550 4350 n.
564 4297 601 4368 V)
615 4317 641 4368 p.
658 4306 692 4355 16
707 4301 770 4354 adn.
799 4301 894 4355 Enarr.
908 4299 966 4355 tab.
981 4300 1000 4355 1,
1014 4318 1041 4370 p.
1057 4305 1090 4352 43
1106 4298 1232 4354 Ritaehe·

114 4372 157 4430 lim
169 4379 231 4438 baec
244 4386 365 4456 scripsit:
383 4385 569 4455 ‘Quamquam
585 4405 641 4443 non
654 4387 825 4444 intercedam
840 4387 1020 4456 obstinatius„
1030 4387 1053 4442 si
1068 4387 1116 4458 qui
1131 4386 1233 4443 Otoada'a‘

115 4461 188 4522 Stati
199 4471 370 4546 interpretari
385 4493 446 4530 cum
462 4475 634 4531 Mommscno
650 4477 669 4530 1.
685 4477 717 4534 [t.
731 4477 766 4531 N.
781 4483 850 4532 5882
865 4477 978 4531 malent.
995 4476 1087 4532 Semel
1101 4477 1230 4548 neglecta
