3246 5082
294 363 360 428 306
568 379 687 430 Possm
712 379 909 429 ssrvnuran
934 377 1165 428 srrcmnmvn.

382 628 499 694 Paullo
524 629 724 696 difficiliores
747 635 889 696 tractatu
912 629 962 696 illi
981 651 1093 695 versus
1114 631 1197 710 sunt,
1216 649 1353 712 quorum
1372 649 1436 692 me·

292 735 430 801 moriam
453 735 578 802 Gellius
607 737 658 802 his
687 738 792 804 verbis
820 737 992 803 conclusit:
1021 737 1194 802 crusnam
1224 737 1331 800 mania
1356 736 1437 800 aaa

291 841 400 907 turbore
411 843 575 925 pauitant.
606 849 802 927 sulmptaosus
819 845 948 927 aspidas
966 843 1086 926 elegans
1102 843 1234 908 uillosa
1251 843 1367 907 inritus
1383 843 1438 924 qai

291 948 466 1034 habebatur,
493 951 521 1015 ia
544 950 739 1016 ornabatur.
785 950 965 1036 Tamquam
996 951 1030 1014 in
1060 950 1169 1015 oculos
1197 949 1360 1014 incurrere
1381 947 1438 1014 Sa·

292 1056 417 1121 turnios
442 1078 514 1122 cum
538 1057 578 1121 ab
602 1057 696 1123 initio
724 1062 794 1122 tum
818 1058 851 1123 in
874 1057 938 1122 fine
961 1055 1063 1124 dicas:
1092 1054 1298 1140 refragantur
1323 1057 1438 1136 media,

293 1160 432 1227 sednon
454 1164 560 1228 minus
584 1165 763 1229 sententiae
787 1187 884 1250 quam
907 1167 1011 1228 metro
1030 1161 1244 1248 refragantur.
1272 1160 1436 1228 Vitiosum

292 1291 362 1334 csse
392 1271 523 1336 ultionis
555 1270 749 1336 vocabulum
781 1293 840 1336 nec
872 1268 1072 1337 Boeclrlrium
1103 1291 1162 1334 neo
1193 1267 1436 1336 Fleckeisenum

290 1375 389 1460 fugit:
413 1397 547 1460 quorum
573 1377 626 1442 hic
649 1378 826 1444 lacunosa
849 1378 1028 1462 substituit,
1050 1377 1106 1442 ille
1128 1398 1194 1442 non
1217 1375 1280 1442 hoo
1300 1379 1437 1460 tantum,

292 1481 349 1546 sed
372 1482 471 1547 etiam
489 1485 618 1566 carpatiae
635 1483 829 1550 adiectivum
847 1506 979 1570 prorsus
999 1483 1120 1548 delevit
1137 1487 1174 1548 ut
1192 1504 1209 1547 e
1228 1483 1437 1568 glossematis

290 1591 377 1654 nata.
410 1587 469 1655 Oui
493 1610 553 1675 ego
578 1593 711 1656 eaterms
735 1593 896 1657 assentior
919 1595 956 1656 ut
978 1593 1107 1656 uitiosus
1130 1588 1170 1655 ad
1185 1591 1306 1674 elegans
1327 1613 1438 1657 vocem

291 1695 490 1782 adscriptum
518 1697 560 1763 ab
589 1720 627 1764 eo
650 1701 762 1784 putem
791 1699 846 1784 qui
873 1697 958 1764 hanc
981 1720 1091 1766 vocem
1121 1697 1206 1782 apud
1233 1697 1341 1782 ipsum
1364 1696 1438 1763 Gel-

290 1803 371 1868 lium
394 1805 527 1889 legisset
552 1803 605 1870 ‘ad
624 1809 764 1872 aetatem
784 1806 828 1872 M.
843 1803 979 1871 Catonis
997 1805 1083 1889 uitii,
1106 1827 1171 1870 non
1193 1803 1310 1868 laudis'
1328 1803 1439 1869 fuisse.

291 1907 353 1974 Sed
382 1911 421 1976 de
449 1913 578 1994 onradus
605 1936 716 1978 varum
748 1914 868 1980 vidisse
899 1913 1099 1980 Gronovium
1129 1916 1255 1997 patrem
1287 1913 1438 1995 arbitror,

291 2019 397 2080 ortum
414 2016 493 2081 illud
515 2041 531 2081 e
550 2040 659 2102 cuppas
677 2042 748 2086 esse
767 2021 817 2084 vel
837 2042 896 2105 pro
915 2019 978 2085 hoc
997 2019 1217 2085 substitutum.
1249 2017 1436 2084 Tenendum

290 2125 341 2188 est
364 2123 449 2188 enim
473 2128 601 2208 praeter
624 2129 740 2206 cetera,
762 2149 828 2192 non
846 2127 880 2192 in
900 2149 937 2192 eo
958 2149 1027 2192 esse
1042 2124 1199 2193 Catonem
1218 2131 1255 2192 ut
1273 2127 1438 2211 quaelibet

290 2229 370 2294 vitia
392 2235 589 2317 percenseat,
620 2233 675 2298 sed
698 2239 735 2299 ut
758 2235 911 2320 opposita
934 2235 1098 2300 avaritiae.
1138 2233 1176 2299 Id
1199 2237 1307 2298 autem
1329 2234 1437 2318 ipsum

252 2351 276 2392 1³
291 2339 404 2407 contra
431 2339 546 2404 inritus
572 2341 780 2426 potissimum
809 2341 956 2408 vocabuli
985 2341 1081 2407 fidem
1111 2342 1159 2406 ita
1189 2340 1289 2420 valet,
1321 2345 1359 2406 ut
1386 2341 1437 2406 vel

290 2446 461 2527 propterea
480 2445 578 2511 mirer
596 2447 718 2514 nemini
738 2453 923 2532 suspectum
941 2449 1051 2514 fuisse.
1075 2447 1210 2512 Accedit
1228 2451 1336 2512 autem
1350 2448 1437 2533 quod

290 2549 432 2635 omnino,
455 2552 510 2636 qui
533 2553 665 2620 tandem
689 2555 731 2620 sit
750 2555 805 2640 qui
824 2557 939 2621 inritis
958 2555 1084 2622 dicatur
1103 2553 1305 2638 simpliciter,
1328 2555 1382 2620 vir
1399 2577 1437 2620 ac

289 2675 329 2718 ne
353 2655 406 2720 vix
431 2657 560 2741 quidam
578 2659 790 2747 intellegitur:
815 2684 874 2727 nec
893 2663 978 2728 enim
997 2684 1160 2748 umquam,
1184 2659 1270 2746 quod
1289 2662 1436 2748 sciamus,

289 2783 483 2846 quemquam
511 2766 640 2832 inritum
670 2771 794 2833 veteres
823 2767 973 2834 dixerunt
1004 2769 1067 2834 nisi
1097 2773 1153 2834 aut
1179 2769 1330 2853 genetivo
1359 2791 1435 2834 casu

289 2867 417 2934 adiecta
444 2875 501 2935 aut
532 2873 604 2957 ipso
636 2874 834 2938 narrationis
862 2881 974 2941 tenore
1003 2877 1082 2942 satis
1112 2875 1297 2960 significata
1326 2897 1365 2940 ca
1390 2897 1435 2960 rc,

289 2974 330 3038 ad
354 2975 444 3040 cuius
466 2976 634 3042 notionem
664 2979 749 3042 irriti
777 2979 934 3064 cogitatio
957 2981 1145 3048 referretur:
1175 2982 1265 3048 velut
1291 3004 1364 3048 cum
1386 2983 1435 3047 ia·

288 3082 385 3145 ritum
407 3083 483 3163 spei,
506 3084 642 3166 consilii,
665 3084 827 3166 byatioais
849 3085 1005 3171 direnmt,
1028 3088 1079 3152 vel
1098 3111 1171 3154 cum
1189 3091 1290 3154 carita
1307 3089 1436 3154 admitt-

289 3187 345 3252 bns
366 3188 481 3252 ianas
507 3194 594 3271 noyer
616 3187 795 3275 Vergilius,
824 3192 916 3257 inriti
943 3193 1035 3276 lopati
1060 3197 1259 3262 rerniltuntur
1287 3193 1434 3260 Tacitus:

289 3298 323 3359 ct
350 3294 397 3360 sic
423 3294 458 3359 in
486 3294 648 3361 similibus
677 3298 836 3364 omnibus.
886 3298 931 3363 Et
957 3299 1097 3366 fortasse
1124 3325 1164 3366 ne
1194 3302 1274 3368 hacc
1305 3303 1432 3388 qnidam

289 3401 484 3486 antiquioris
507 3401 682 3468 latinitatis
705 3403 841 3470 fuemnt.
886 3405 976 3492 Ergo
999 3407 1094 3472 nobis
1117 3409 1233 3476 inritus
1254 3410 1360 3476 visum
1382 3411 1433 3474 ast

289 3530 327 3572 ex
349 3509 466 3574 inlitas
493 3511 679 3592 corruptum
707 3533 791 3593 esse,
823 3511 884 3577 hoc
913 3518 1022 3578 autem
1051 3514 1090 3578 ad
1118 3515 1260 3601 aliquam
1288 3517 1432 3582 dativum

288 3613 481 3697 pertinuisse
505 3614 561 3697 qni
583 3615 654 3700 ipso
679 3617 736 3682 illo
759 3619 890 3685 uitiosus
917 3619 1115 3705 glossemate
1143 3622 1218 3686 seda
1246 3645 1304 3688 sua
1333 3623 1430 3708 pella

288 3724 386 3785 retur.
431 3719 561 3785 Norunt
584 3723 640 3807 qui
663 3723 801 3808 scriptos
825 3725 928 3791 libros
951 3731 1135 3810 versarunt,
1158 3727 1241 3793 nihil
1263 3751 1322 3796 nos
1345 3730 1430 3795 inso-

288 3825 341 3891 liti
365 3847 506 3910 narrare,
536 3827 564 3890 si
588 3824 762 3894 Catoniani
786 3831 940 3896 carminis
965 3831 1115 3898 librarios
1144 3831 1334 3920 (equorum
1362 3857 1431 3920 peo-

288 3933 370 3998 catis
393 3933 555 4018 pendebat
578 3930 716 4020 Gellius)
746 3935 786 4001 ad
813 3937 981 4024 vulgatam
1007 3961 1092 4004 nunc
1119 3939 1313 4024 scripturam
1343 3943 1431 4007 velut

288 4040 350 4104 hoc
373 4039 520 4123 exemplo
543 4042 727 4124 pervenisse
751 4043 996 4130 coniecerimus,
1019 4047 1068 4128 ut,
1092 4067 1164 4112 cum
1187 4047 1269 4112 tales
1292 4049 1429 4114 versicu-

288 4147 338 4212 los
362 4151 437 4212 ante
461 4147 572 4214 oculos
595 4149 766 4215 haberent:

554 4288 696 4358 cupidus
988 4289 1138 4347 uitiosus

461 4358 611 4446 Cuppes
635 4367 884 4448 sumptuosus
908 4365 1067 4449 elegans
1091 4365 1248 4431 deliciis

460 4467 655 4554 Intentus,
