3282 5076
558 406 812 454 oonnnrrrnrro
837 407 951 456 raros.
1265 393 1328 456 201

273 549 378 614 Multo
402 549 507 634 magis
531 573 550 614 a
574 550 719 615 codicum
744 549 864 614 auxilio
891 549 1065 615 destitutus
1089 551 1171 615 liber
1193 550 1250 614 XL
1273 555 1331 634 est,

185 657 275 723 cuius
295 657 400 741 capite
416 656 459 720 52
479 679 560 749 quae
580 657 618 721 de
638 657 681 722 M.
696 657 837 722 Aemilio
852 657 973 741 Lepido
989 679 1120 723 censore
1140 681 1166 724 a
1181 657 1331 722 DLXXV
1433 659 1437 666 ’

185 764 296 829 Livius
324 765 498 830 memoriae
526 765 682 850 prodidit,
711 765 757 830 sic
785 763 957 852 (quantum
987 787 1024 829 er
1053 765 1218 830 editorum·
1242 766 1331 830 testi·

185 871 305 937 moniis
329 871 475 956 intellegi
499 871 622 957 potest)
643 877 798 960 corrupta
826 875 903 936 sunt
927 895 945 936 a
969 872 1126 937 librariis:
1150 871 1255 936 ‘Idem
1279 872 1332 936 dc·

185 978 308 1044 dicauit
335 979 446 1043 aedem
470 979 601 1044 Larium
631 980 849 1064 permarinum
878 979 910 1044 in
935 977 1080 1064 Campo.
1097 983 1233 1045 uouerat
1260 1003 1332 1044 eam

186 1068 280 1151 annis
299 1103 355 1150 xn.
379 1086 487 1166 [immo
506 1089 567 1168 xa]
591 1090 667 1151 ante
686 1087 721 1152 L.
737 1085 894 1151 Aemilius
913 1086 1060 1172 Regillus
1079 1086 1187 1152 nauali
1208 1087 1332 1171 proelio

186 1193 340 1262 aduersus
365 1193 546 1277 praefectos
570 1193 657 1278 regis
681 1191 835 1258 Antiochi
860 1244 866 1257 .
890 1216 989 1278 supra
1012 1195 1125 1260 ualuas
1149 1193 1262 1278 templi
1285 1197 1333 1257 ta-

186 1301 265 1366 bula
283 1323 356 1365 cum
375 1301 471 1365 titulo
488 1299 550 1365 hoc
564 1301 628 1364 fixa
647 1304 710 1364 est:
734 1299 873 1366 Duello
897 1301 1033 1386 magno
1057 1300 1215 1385 regibus
1239 1300 1333 1364 diri·

184 1407 323 1472 mendo
347 1412 465 1492 caput
488 1407 716 1492 subigendis
736 1408 950 1493 patrandae
968 1408 1076 1492 pacis
1093 1407 1187 1473 haec
1205 1427 1334 1492 pugna

186 1514 344 1578 exeunti
368 1514 404 1579 L.
420 1514 587 1580 Aemilio
611 1513 654 1578 M.
673 1513 829 1580 Aemilii
855 1513 943 1580 filio
967 1514 1146 1598 auspicio
1171 1515 1333 1598 imperio

183 1621 383 1686 felicitate
412 1621 605 1707 ductuque
633 1620 713 1687 eius
741 1622 843 1685 inter
871 1621 1065 1705 Ephesum
1092 1621 1333 1687 camachum-

185 1750 257 1812 que
294 1729 540 1813 inspectante
577 1751 642 1793 cos
675 1729 759 1812 ipso
792 1728 985 1794 Antiocho
1022 1729 1194 1793 exercitu
1232 1727 1333 1792 omni
1390 1767 1400 1786 .

185 1836 366 1919 equitatu
390 1836 689 1920 elephantisque
714 1835 855 1900 classis
882 1835 987 1920 regis
1011 1833 1198 1899 Antiochi
1221 1836 1335 1898 autea

185 1943 243 2007 sic
266 1942 373 2006 uicta
395 1942 482 2006 fusa
509 1946 672 2007 contusa
699 1941 912 2026 fugataque
940 1946 1011 2025 est,
1043 1941 1175 2024 ibique
1204 1961 1246 2003 eo
1275 1939 1334 2005 die

184 2071 307 2114 naues
339 2049 481 2132 longae
515 2070 594 2112 oum
632 2048 808 2113 omnibus
844 2048 962 2113 sociis
996 2050 1131 2132 captae
1163 2065 1260 2112 nxn.
1293 2069 1336 2111 ea

185 2175 315 2240 pugna
344 2160 517 2239 pugnata
548 2178 612 2220 rex
646 2155 864 2220 Antiochus
896 2175 1131 2240 regnumque
1164 2154 1247 2218 eius
1279 2153 1335 2218 rei

185 2281 279 2346 crgo
303 2262 433 2327 aedem
457 2261 624 2328 Laribus
647 2262 878 2345 permarinis
903 2262 1020 2326 uouit.
1056 2261 1168 2326 eodem
1188 2261 1335 2344 exemplo

184 2367 300 2432 tabula
322 2368 355 2432 in
379 2369 457 2432 aede
481 2369 568 2433 Iouis
592 2369 627 2432 in
650 2368 813 2451 Capitolio
837 2391 934 2451 supra
957 2369 1071 2432 ualuas
1094 2369 1158 2432 fixa
1181 2365 1251 2431 est'
1296 2367 1336 2430 ln

186 2475 241 2540 his
265 2475 372 2539 verbis
394 2475 556 2540 neminem
580 2475 666 2560 fugit
693 2478 743 2537 tot
766 2478 799 2536 et
822 2475 954 2538 lacrmas
983 2496 1053 2537 esse
1077 2477 1110 2537 et
1133 2473 1335 2556 singulorum

185 2583 346 2668 pessimas
370 2583 583 2666 corruptelas,
615 2603 747 2665 prorsus
770 2585 807 2644 ut
829 2579 977 2665 intellegi
999 2584 1174 2664 nequeant:
1202 2580 1336 2663 ipsoque
1351 2599 1376 2635 ar

185 2689 221 2754 id
245 2689 433 2753 testimonio
455 2687 575 2752 Atilius
595 2687 848 2752 Fortunatianus
872 2687 1016 2752 declarat
1038 2709 1113 2751 voro
1136 2673 1224 2750 tituli
1248 2687 1336 2769 prin-

186 2795 273 2879 cipio
297 2795 464 2860 commode
488 2797 618 2858 servato
642 2817 671 2878 p.
686 2795 774 2858 2680
793 2794 828 2859 P.
843 2793 922 2879 (324
939 2791 1066 2880 Gaisf.):
1089 2792 1202 2858 Duellc
1225 2813 1337 2875 mopso

186 2903 360 2967 dirimendo
390 2902 509 2984 repobus·
536 2901 717 2984 sirhiqcudis.
763 2900 920 2965 Nostrum
948 2899 1049 2986 igitur
1076 2899 1111 2964 in
1137 2922 1232 2964 usum
1262 2921 1336 2964 con-

189 3009 304 3092 versis,
336 3031 418 3093 quae
447 3008 488 3072 ad
515 3007 773 3072 emendationem
802 3008 852 3071 vel
882 3005 965 3071 Livii
998 3008 1191 3091 interpretes
1224 3007 1275 3071 vel
1302 3007 1336 3070 in

187 3115 366 3180 Elementis
385 3140 415 3200 p.
431 3117 495 3180 616
511 3114 754 3181 Godofredus
768 3115 1010 3180 Hermannus
1030 3115 1245 3198 probabiliter
1263 3137 1337 3181 con-

188 3223 304 3287 tulisse
323 3222 384 3286 visi
408 3227 528 3300 essent,
551 3222 612 3288 hoc
634 3223 703 3286 fere
727 3223 874 3305 exemplo
893 3222 1017 3286 laceros
1037 3226 1266 3306 truncatusque
1281 3221 1336 3288 Sa-

189 3329 316 3394 turnios
339 3329 608 3416 redintegrandos
632 3329 831 3413 putavimus:

189 3435 329 3500 Duelld
354 3439 491 3522 magno
516 3434 748 3518 dirimdndo,
770 3473 793 3482 —
816 3437 973 3520 re‘gibris
998 3435 1239 3520 subigendis,

189 3543 314 3608 (lausei
338 3544 548 3628 patrdndae
571 3543 680 3627 patcis
702 3581 722 3588 -
749 3543 793 3606 dd
816 3563 984 3628 pugnam
1008 3542 1164 3606 e‘xertnti
1276 3539 1283 3548 ’

188 3649 307 3715 Lucio
332 3649 503 3714 Aemilio
526 3649 646 3715 Mrirci
669 3687 690 3695 -
714 3649 802 3714 filio
820 3649 992 3732 practo‘rz'

189 3757 260 3822 Res
283 3758 393 3822 cessit
412 3757 581 3839 pldric‘sc.
605 3795 626 3802 —
650 3755 824 3841 auspicio
849 3757 1003 3840 inpe'rio

108 3874 110 3878 '
189 3862 396 3928 Felicitstte
420 3863 611 3947 drictuque
635 3901 656 3908 -
680 3865 759 3928 eius
782 3861 1092 3947 intern'llpesum
1316 3861 1338 3924 5

192 3969 341 4035 Samum
365 3967 862 4054 Oicmque‚1'nspec-tsnte
886 3972 1001 4054 etipse
1025 3968 1191 4034 Antioco

190 4075 278 4143 Cum
297 4077 468 4140 exercitu
487 4075 601 4159 omni,
616 4075 808 4161 equitatu,
825 4077 1058 4160 ele-paulis,
1073 4075 1214 4140 classis
1234 4074 1337 4159 re‘gis

190 4182 348 4249 Antioci
372 4179 475 4247 uicta
498 4181 583 4246 fusa
606 4219 627 4227 —
651 4184 816 4246 contusa
840 4183 976 4268 fugata
999 4185 1065 4246 est.

190 4291 251 4355 lbi
275 4294 316 4355 ed
341 4291 400 4356 die
423 4293 541 4355 netues
565 4289 707 4374 longae
731 4327 752 4335 —
776 4312 858 4354 cum
881 4290 1056 4354 omnibds
1081 4289 1199 4353 sdciis

191 4397 335 4481 Captae
358 4399 533 4464 incensae
550 4397 734 4463 demersae
755 4435 777 4442 -
801 4397 895 4461 duae
920 4394 1189 4481 quadrdginta
1299 4399 1338 4461 10

191 4503 247 4568 Ea
270 4510 396 4589 pugna
418 4505 592 4589 pugnata
615 4527 681 4570 rex
703 4543 726 4550 -
748 4502 947 4568 'Antiocds
965 4503 1149 4586 proscipit,
