3216 5082
595 395 877 446 syrenauusrvu
900 397 921 442 1.
1054 443 1058 450 ,
1264 377 1329 441 499

186 539 319 604 suadere
333 539 455 616 volenti
471 539 538 605 sive
551 539 654 605 invito
665 544 855 625 extorquere
870 535 1023 622 potuerit.
1040 534 1164 602 Verum
1179 534 1265 600 aliud
1280 539 1331 599 est

185 645 279 730 quod,
295 651 332 711 ut
341 646 551 712 Plutarchum
566 647 676 730 potius
692 666 873 732 sequamur,
892 643 1041 710 suadeat:
1065 641 1186 707 Fabius
1201 641 1287 706 enim
1302 641 1330 705 si

184 772 286 834 parvo
300 754 459 837 temporis
473 754 646 820 intervallo
665 753 836 818 interiecto
850 751 1046 833 abdicasset,
1070 749 1211 814 eiusdem
1231 748 1330 813 dicta-

184 861 291 922 turam
311 859 448 924 alteram
468 859 580 924 Livius
603 861 657 924 rix
679 859 807 924 videtur
830 859 878 922 ita
901 860 1210 924 commemoraturus
1228 855 1330 920 fuisse

186 963 265 1048 quin
289 965 358 1030 eius
381 967 429 1032 rai
447 967 595 1052 quamvis
614 967 746 1032 brevem
765 964 962 1030 mentionem
980 962 1108 1026 faceret
1139 962 1169 1026 Α
1187 961 1329 1026 Minucio

186 1074 295 1135 autem
313 1073 351 1134 ut
368 1094 426 1136 ara
438 1071 571 1140 Herculi
589 1077 769 1154 voraretur,
791 1071 887 1158 facile
906 1068 1110 1152 intellegitur
1132 1068 1183 1132 vel
1205 1068 1330 1152 paucis-

185 1176 341 1242 simorum
364 1177 489 1244 dierum
513 1178 710 1245 dictaturam
734 1179 878 1244 sufficere
901 1177 1055 1261 potuisse.

276 1280 428 1368 Sequitur
450 1289 487 1351 ut
508 1289 691 1371 quaeratur,
714 1286 765 1352 cui
789 1307 873 1351 auno
892 1285 953 1350 hae
973 1284 1152 1348 dictaturae
1171 1305 1244 1348 cum
1262 1304 1330 1346 ma·

186 1389 328 1473 gisteriis
357 1393 501 1476 equitum
529 1393 596 1458 suis
623 1393 814 1458 tribuendae
846 1391 919 1458 sint.
964 1391 1075 1455 Trium
1099 1394 1208 1455 autem
1232 1411 1329 1454 anno-

184 1517 257 1562 rum
281 1497 355 1564 533.
379 1499 454 1564 534.
477 1499 552 1583 535,
575 1503 615 1564 ut
635 1499 691 1584 qui
714 1504 747 1564 et
769 1499 803 1564 iu
826 1497 989 1584 lapidibus
1014 1493 1209 1580 Capitolinis
1232 1496 1329 1560 inter·

186 1603 322 1669 uiderint
340 1609 373 1670 et
385 1604 478 1671 Livio
497 1609 583 1672 teste
601 1611 741 1690 careant,
765 1605 917 1690 quoniam
937 1605 1028 1687 optio
1047 1603 1123 1666 data
1142 1606 1201 1685 est,
1221 1602 1329 1666 viden·

185 1711 261 1776 dum
284 1711 323 1776 de
347 1712 533 1778 consulibus
557 1734 729 1796 equorum
755 1711 904 1775 absentia
927 1723 1041 1776 caussa
1063 1708 1241 1791 probabilis
1265 1730 1329 1772 ere-

185 1817 261 1882 andi
285 1817 455 1884 dictatoris
482 1822 659 1904 repetatur.
704 1817 750 1882 Et
777 1817 817 1882 de
840 1839 878 1882 co
902 1815 1030 1900 quidem
1053 1815 1108 1898 qui
1132 1814 1256 1878 medius
1281 1819 1331 1878 est

186 1945 270 1988 anno
295 1923 361 1988 534
383 1946 478 1990 nemo
502 1930 631 2010 praeter
658 1927 781 1990 ceteros
805 1922 978 2010 cogitabit:
1006 1943 1069 2006 quo
1092 1943 1151 1986 nec
1174 1921 1330 2006 magister

185 2029 330 2112 equitum
354 2033 406 2094 sat
429 2031 596 2096 commode
620 2031 766 2096 credetur
789 2029 824 2098 O.
837 2029 1016 2096 Flaminius
1041 2028 1154 2114 dictus,
1177 2051 1272 2114 quem
1291 2049 1329 2094 eo

183 2135 255 2219 ipso
289 2158 373 2202 anno
407 2141 534 2203 constat
564 2160 718 2204 censurae
751 2159 882 2203 munere
914 2158 986 2201 cum
1014 2134 1049 2200 L.
1073 2136 1212 2200 Aemilio
1240 2135 1329 2221 Papo

183 2241 343 2328 functum,
375 2265 435 2310 neo
465 2246 589 2311 externi
616 2245 694 2312 belli
722 2244 881 2330 gravioris
905 2241 1081 2308 difficultas
1109 2243 1177 2307 ulla
1205 2242 1329 2306 incidit.

182 2349 276 2416 Nihil
300 2351 386 2416 enim
409 2372 448 2416 ex
470 2352 532 2417 hoc
555 2373 672 2438 genere
697 2352 860 2437 proditum
884 2353 935 2416 est
956 2354 1086 2435 praeter
1106 2350 1153 2413 rei
1171 2349 1329 2414 tenuioris

183 2459 313 2522 tenum
341 2457 487 2524 Zonaras
510 2457 605 2541 VIII,
628 2458 672 2522 20
698 2480 730 2543 p.
752 2457 816 2521 174
848 2456 934 2520 hauc
960 2454 1164 2520 memoriam:
1196 2456 1329 2520 Λούκιος

184 2565 219 2626 δὲ
243 2564 436 2643 Οὐετούριος
465 2565 515 2629 καὶ
540 2564 631 2630 Γάιος
654 2562 827 2630 Λουτάτιος
849 2564 951 2643 ἦλθον
973 2564 1064 2642 μέχρι
1086 2565 1153 2626 τῶν
1170 2560 1330 2646 Ἄλπεων,

184 2666 275 2734 ἄνευ
299 2671 339 2734 δὲ
363 2669 482 2750 μάχης
509 2673 652 2736 πολλοὺς
676 2671 885 2754 ᾡκειώςαντο.
909 2667 1013 2732 Multo
1036 2668 1218 2752 graviorem
1241 2690 1329 2733 caus·

184 2797 254 2839 sam
277 2775 396 2840 dixeris
420 2775 452 2840 in
472 2775 596 2861 Illyrici
614 2776 693 2842 belli
711 2775 807 2840 rebus
827 2775 927 2860 gestis
946 2775 1112 2840 inventam
1132 2795 1215 2858 esse,
1244 2775 1329 2858 quod

183 2881 331 2964 proximo
356 2903 439 2948 anuo
459 2881 525 2948 535
548 2883 730 2948 insecutum
755 2887 819 2960 est,
841 2882 970 2948 finitum
993 2885 1102 2946 autem
1121 2880 1246 2947 devicto
1266 2881 1329 2947 De-

184 2987 301 3054 metrio
324 2987 444 3054 Phario
467 2987 717 3075 Illyriorumque
740 2992 827 3054 terra
850 2989 939 3054 omui
961 2987 1152 3074 perdomita.
1198 2988 1249 3054 Ad
1269 2989 1330 3054 hoc

183 3095 270 3160 enim
298 3095 420 3168 bellum
447 3097 623 3182 gerendum
651 3097 713 3162 etsi
736 3096 893 3181 Polybius
921 3096 1050 3181 quidem
1077 3117 1175 3161 unum
1199 3117 1270 3161 esse
1292 3095 1328 3161 L.

183 3201 361 3267 Aemilium
375 3201 525 3268 Paullum
538 3203 644 3270 Roma
666 3205 802 3270 missum
825 3225 898 3270 cum
922 3202 1065 3268 exercitu
1089 3202 1191 3267 tradit
1212 3201 1271 3285 III,
1288 3203 1328 3268 16

184 3309 382 3393 eundemque
401 3309 558 3375 victorem
576 3332 675 3375 unum
694 3308 915 3393 triumphasse
934 3330 1002 3392 cap.
1019 3309 1073 3372 19:
1097 3331 1234 3392 quocum
1254 3331 1327 3375 cou-

183 3413 273 3476 veuit
298 3411 425 3479 Iustino
454 3412 672 3478 ‘Demetrium
703 3433 814 3498 regem
842 3413 1025 3495 Illyriorum
1052 3435 1155 3497 nuper
1184 3413 1327 3480 aPaulo

182 3503 331 3584 Romano
354 3518 487 3584 victum'
511 3519 706 3585 memoranti
729 3517 851 3602 XXIX,
870 3519 905 3582 2:
938 3521 1047 3582 tamen
1072 3519 1226 3604 conlegae
1250 3543 1326 3605 quo-

183 3645 245 3708 que
273 3623 316 3690 M.
335 3623 420 3690 Livii
448 3623 641 3691 Salinatoris
673 3627 796 3710 aliquas
825 3629 935 3710 partes
962 3625 1063 3691 fuisse
1091 3625 1249 3690 creditum
1277 3631 1327 3691 est

183 3729 265 3795 aliis.
305 3729 391 3795 Nam
419 3735 452 3796 et
475 3729 619 3796 Zonaras
643 3753 719 3796 sane
742 3733 763 3796 l.
783 3755 807 3796 s.
828 3755 851 3796 s.
881 3731 976 3797 ambo
1005 3731 1152 3798 eonsules
1179 3733 1324 3798 nomina-
1340 3749 1400 3790 v111
1595 3721 1596 3782 l

175 3837 243 3902 um
263 3837 354 3921 eicit,
377 3841 409 3902 a
428 3838 514 3903 uiua
531 3859 720 3924 progressus
741 3839 880 3924 scriptor
898 3839 1001 3904 libeni
1021 3838 1060 3902 oe
1079 3840 1159 3904 vira
1179 3840 1224 3904 ill.
1243 3861 1268 3905 0.
1283 3840 1326 3905 50
1595 3817 1596 3846 ¹

182 3943 321 4010 ‘Livium
339 3943 554 4010 Salinatorem
578 3945 683 4029 primo
703 3946 866 4010 consulem
891 3945 930 4009 de
947 3945 1072 4029 Illyriis
1095 3945 1325 4030 triumphasse'

181 4055 335 4116 testatur:
368 4071 472 4134 equo
495 4049 585 4115 fonte
614 4051 684 4118 solo
712 4051 830 4135 duplex
859 4073 945 4116 nuuc
972 4051 1156 4136 triumphus
1180 4053 1265 4118 Livii
1291 4053 1325 4118 in

181 4157 285 4223 fastos
308 4156 451 4222 intravit.
488 4155 664 4242 Viderique
687 4161 795 4240 potest
818 4157 859 4220 ad
878 4156 1022 4242 aliquam
1040 4157 1119 4222 belli
1137 4159 1323 4224 societatem

180 4263 254 4346 ipsa
286 4283 401 4329 caussa
433 4263 576 4328 accusati
604 4263 811 4348 damnatique
841 4263 956 4347 populi
983 4263 1103 4328 iudicio
1132 4263 1325 4330 Salinatoris

182 4373 340 4456 spectare,
368 4375 405 4436 ut
433 4393 528 4456 quem
552 4369 717 4454 ‘praedam
744 4391 811 4434 non
839 4369 1018 4454 aequaliter
1042 4369 1190 4436 divisisse
1214 4371 1324 4438 militi·

181 4473 254 4538 bus’
278 4479 411 4560 quartus
435 4477 490 4562 qui
503 4475 653 4541 Frontiui
676 4475 779 4542 fertur
801 4475 885 4541 liber
900 4473 1191 4562 Stratcgematicon
1211 4499 1279 4562 cap.
1298 4482 1325 4563 l,

1057 4581 1113 4636 32*

796 4798 845 5032 C
897 4818 907 4832 .

809 4883 924 4938 eorm,

818 4947 912 5018 ⁴„st
