3246 5082
456 416 577 465 eonsrs
601 415 797 464 sarvnnmn
823 411 1055 462 srucrnnervn.
1266 397 1330 463 303

273 631 461 749 Agricola
484 666 535 731 vel
557 665 698 732 fortasse
722 559 883 731 cdlonus
908 664 963 749 qui
987 669 1087 749 esset,
1118 662 1164 728 sic
1186 661 1250 728 nisi
1273 659 1331 726 fal·

183 769 282 834 limur
305 767 387 834 Octo
412 770 558 836 definivit
580 769 704 860 (VIII):

286 892 355 959 Vir
378 895 500 961 b6nus
524 899 596 979 est,
619 895 747 962 Marce
769 895 847 976 fili,
872 893 1037 984 a-rdndji
1057 893 1223 980 peritus,
1263 965 1267 974 ,

287 998 405 1068 Cuius
428 1002 668 1080 ferramenta
691 1005 899 1088 splendent
943 1021 1140 1054 ιιιιιι

166 1109 246 1191 'nisi
271 1126 399 1211 quidem
422 1128 539 1194 colendi
561 1129 708 1210 verbum,
736 1129 822 1215 quod
849 1129 1013 1214 proditum
1040 1132 1090 1194 est
1117 1150 1137 1194 a
1161 1125 1272 1192 Servio
1294 1126 1330 1192 in

182 1232 282 1320 Verg.
305 1233 421 1320 Georg.
444 1233 474 1318 I,
492 1235 550 1320 46,
582 1235 731 1323 intellegi
758 1240 867 1303 autem
891 1237 960 1303 sine
983 1235 1186 1302 substantivo
1208 1232 1331 1317 nequit,

183 1339 295 1406 addita
330 1339 538 1412 Fleckeiseno
571 1341 650 1408 duce
683 1343 753 1426 aqva·
789 1344 922 1411 notione
957 1343 1059 1410 males
1091 1342 1154 1410 hoc
1182 1341 1330 1426 exemplo

182 1469 325 1514 servare:

227 1573 298 1638 Vir
321 1575 442 1640 bdnus
466 1577 538 1659 est,
561 1573 687 1640 Meroe
711 1573 787 1659 fr‘li,
809 1613 832 1621 -
856 1576 983 1642 cdlere
1013 1579 1147 1660 agrum
1169 1570 1330 1658 peritus.

181 1697 276 1775 Quod
299 1698 446 1784 equidem
473 1698 637 1782 praeferre
668 1720 734 1764 non
762 1699 945 1764 dubitarem
972 1697 1131 1783 profecto,
1164 1697 1191 1762 si
1208 1697 1330 1780 peribas

181 1803 333 1870 adiectivi
356 1827 429 1870 cum
452 1805 612 1896 infinitivo
637 1805 816 1870 constructi
835 1805 1018 1891 exemplum
1038 1803 1215 1888 antiquitas
1233 1802 1329 1868 Cato-

180 1912 282 1976 niane
304 1910 536 1996 suppeditaret.

271 2143 356 2208 Huic
379 2148 519 2230 cognata
543 2147 639 2230 atque
666 2037 860 2209 moll-hand
889 2142 984 2208 dubie
1007 2143 1113 2210 vicina
1135 2143 1170 2207 in
1194 2139 1329 2206 Catonis

182 2250 324 2315 carmine
351 2249 414 2315 fuit
444 2251 616 2316 oratoris
646 2251 805 2335 definitio,
836 2251 964 2336 qualem
986 2254 1116 2336 praeter
1138 2249 1328 2325 Quinctilia·

181 2379 260 2422 num
287 2355 368 2422 lust.
396 2359 477 2430 orat.
506 2355 585 2441 XII,
606 2359 622 2421 1
652 2357 722 2421 init
738 2360 784 2421 'et
809 2355 951 2421 Plinium
981 2355 1086 2441 Epist.
1108 2355 1166 2440 IV,
1191 2357 1219 2440 7,
1242 2355 1263 2420 5
1286 2354 1329 2421 M.

183 2461 306 2529 Seneca
338 2461 543 2529 Controvers.
578 2463 634 2528 lib.
662 2462 678 2526 I
709 2461 844 2546 praefat.
876 2485 907 2547 p.
930 2463 972 2528 66
1010 2462 1057 2527 ed.
1089 2460 1268 2528 Amstelod.
1301 2485 1328 2527 a

183 2573 661 2638 clo1ocnxx11commemorat
703 2568 841 2634 Videtur
864 2569 949 2634 enim
973 2566 1106 2634 Catonis
1129 2567 1208 2633 haec
1231 2569 1328 2634 ratio·
1436 2551 1446 2596 ³

183 2677 303 2744 cinctio
330 2678 443 2762 fuisse,
476 2681 513 2742 ut
541 2677 731 2762 primarium
759 2699 828 2742 esse
856 2677 891 2741 iu
918 2676 1007 2741 omni
1030 2675 1117 2742 vitas
1140 2673 1328 2741 condicione

183 2789 216 2850 et
239 2785 381 2850 civitatis
404 2785 485 2849 bene
508 2784 707 2848 constitutae
731 2786 828 2867 caput
845 2784 947 2848 virum
970 2782 1082 2848 bonum
1103 2801 1166 2848 esse
1188 2805 1328 2868 pronun·

182 2892 281 2958 tieret
303 2913 437 2977 eamque
460 2891 654 2956 sententiam
676 2891 775 2956 variis
800 2890 956 2974 exemplis
980 2893 1216 2976 exsequeretur.
1256 2889 1329 2955 Huc

182 2999 285 3085 igitur
308 2999 453 3084 apprime
477 2997 554 3063 telis
578 2997 753 3063 versiculus
777 2997 989 3063 conveniebat
1011 2993 1102 3084 (VI):

272 3123 341 3188 Vir
366 3123 486 3188 b6nur
510 3127 582 3208 est,
604 3121 731 3190 Marce
753 3121 829 3207 lr'li,
852 3161 875 3170 —
898 3119 1051 3188 dicendi
1071 3121 1235 3206 peritus,

183 3250 251 3315 sive
279 3249 314 3313 in
340 3248 403 3312 fine
427 3249 601 3333 superioris
628 3270 740 3313 versus
769 3249 903 3313 ordtor
931 3245 1145 3332 praecedebat
1172 3247 1240 3313 sive
1270 3248 1329 3312 ali-

183 3359 304 3438 quentc
331 3355 430 3441 prius.
475 3354 567 3432 Quod
593 3355 788 3421 vocabulum
816 3354 877 3419 etsi
908 3353 1019 3419 eodem
1042 3375 1137 3419 versu
1160 3354 1257 3437 facile
1281 3355 1328 3419 sic

183 3461 449 3547 comprehendas:

317 3585 470 3670 Orator,
492 3584 620 3652 Mdrce
643 3583 721 3671 fili,
742 3621 765 3634 -
789 3583 848 3651 ulr
869 3585 1013 3652 bondst
1035 3584 1187 3650 dicendi

317 3691 471 3761 Peritus

182 3825 293 3886 temen
320 3819 401 3886 illud
428 3819 502 3904 plus
532 3820 657 3906 gratiae
684 3818 722 3884 'et
753 3817 982 3886 concinnitatis
1015 3816 1327 3884 commendationem
1344 3843 1369 3883 ιο

184 3927 340 3994 maiorem
362 3926 483 3992 habere
505 3927 607 4011 ipsius
629 3926 805 4014 fragmenti
828 3925 849 3991 b
873 3925 1074 4012 comparatio
1097 3925 1200 3991 docet

743 4087 772 4154 7.

273 4191 427 4281 Sequitur
456 4199 492 4260 ut
519 4193 618 4261 Nonii
645 4215 676 4279 p.
702 4192 765 4257 143
796 4191 1018 4258 testimonium
1049 4191 1278 4278 disceptemus,
1311 4213 1328 4257 e

184 4297 321 4408 Catonis
348 4299 541 4387 ‘praeceptis
573 4300 615 4366 ad
644 4297 759 4365 filium’
791 4299 871 4365 haec
898 4300 998 4364 verbe
1024 4299 1234 4384 proferentis:
1267 4297 1328 4365 ‘illc'

183 4410 341 4492 tepenter
363 4414 396 4474 tu
422 4409 601 4474 illecebris
626 4405 881 4473 mediastinum?
929 4404 1017 4482 Quae
1047 4405 1102 4491 qui
1124 4405 1327 4472 Boeckhium

184 4515 399 4599 probabiliter
420 4516 583 4581 rettulisse
606 4514 647 4578 ad
670 4514 876 4600 magnificam
899 4514 938 4579 de
954 4511 1040 4579 Iovia
1060 4514 1177 4599 optimi
1195 4514 1327 4578 maximi
