3116 5066
282 321 343 384 llll
558 339 776 386 MONVMEN'PA
801 337 1037 386 EPIGRAPHICA
1062 337 1152 382 ΤΗΙΑ.

323 477 375 542 Me
398 479 490 545 dicit:
514 502 604 565 euge.
649 481 789 546 Lautum
814 480 908 546 oredo
927 502 944 544 e
968 481 1105 544 brilineis
1124 515 1176 542 -.

275 630 276 636 1
321 585 360 650 In
384 587 542 672 biliueas,
566 610 638 652 eum
662 588 708 652 ibi
732 587 843 652 sedulo
867 610 926 652 sua
949 587 1147 652 uestimenta
1170 587 1289 652 se‘ruat.

322 691 510 758 Comessum
535 699 688 779 expotum
712 699 885 758 extinctum
909 694 1031 759 elotum
1054 693 1089 756 in
1113 693 1264 758 balineis:

278 857 412 919 quorum
438 835 712 920 antepaenultimo
736 837 895 901 ebuliensis
919 840 968 902 est
991 836 1025 900 in
1043 835 1175 917 Vetere,
1203 835 1369 902 abalienes
1393 837 1429 901 in

277 939 452 1006 Deam-tato
481 941 723 1028 Vaticanoque,
750 947 915 1027 postremo
944 948 1051 1007 autem
1079 943 1196 1007 ceteris
1223 943 1317 1007 libris
1346 942 1428 1008 Am·

279 1047 452 1113 brosianus
476 1051 608 1114 aceedit.
656 1049 717 1114 Sed
742 1049 827 1114 idem
851 1053 961 1114 tamen
985 1049 1221 1114 Ambrosianus
1246 1071 1427 1134 syncopam

277 1177 349 1219 cum
373 1157 487 1220 oeteris
510 1161 651 1221 testatur
674 1157 706 1220 in
730 1155 782 1220 his
806 1157 902 1220 Poen.
926 1155 985 1240 ΙΙΙ,
1009 1157 1038 1239 3,
1062 1157 1106 1221 90
1129 1154 1199 1241 (ubi
1224 1157 1357 1246 irrepsit
1375 1155 1428 1242 ut)

277 1267 310 1326 et
331 1263 412 1328 Rud.
436 1265 516 1327 527:

322 1367 386 1433 Vbi
410 1370 581 1435 balneator
602 1369 703 1436 faeiat
725 1371 986 1454 unguentorium.

320 1475 454 1560 Edepol,
478 1477 638 1560 Neptune,
662 1499 696 1541 es
720 1477 891 1542 balneator
914 1475 1063 1561 frigidus:

277 1623 339 1684 quo
363 1609 492 1686 praeter
516 1601 770 1667 Ambrosianum
794 1601 919 1667 assedit
941 1601 1068 1666 Trucul.
1092 1601 1133 1684 ll,
1157 1602 1186 1686 3,
1210 1604 1248 1666 4:

321 1724 440 1790 Omne‘s
466 1731 611 1791 amantes
634 1726 840 1792 balneatores
865 1726 956 1790 sient

276 1848 390 1934 Itaque
419 1873 491 1915 eum
515 1851 614 1915 etiam
645 1850 729 1934 apud
754 1841 944 1915 Terentium
968 1853 1168 1916 contractem
1198 1850 1233 1916 in
1260 1853 1332 1936 ipso
1356 1854 1425 1937 pri-

277 1957 390 2020 mitivo
418 1959 549 2022 nomine
577 1958 714 2022 formam
744 1980 816 2022 eum
844 1958 959 2022 ceteris
988 1958 1080 2022 libris
1108 1957 1286 2024 Bembinus
1316 1964 1428 2024 servet

277 2062 408 2128 Phorm.
431 2061 472 2146 ll,
497 2065 526 2148 2,
549 2065 605 2128 25:

365 2168 452 2234 Tene
477 2169 680 2234 asumbolrlm
704 2171 813 2234 uenire
837 2173 969 2235 unctum
992 2172 1088 2256 aitque
1111 2171 1237 2236 lautum
1261 2193 1278 2236 e
1297 2173 1427 2238 balneis

277 2272 367 2362 (nam
386 2299 409 2360 e,
433 2297 499 2341 non
518 2299 538 2340 a
557 2277 659 2342 estin
678 2275 861 2342 Basilisene
880 2277 1113 2361 Vaticanoquq
1136 2278 1257 2344 omissa
1276 2279 1311 2342 in
1329 2278 1426 2344 Bem-

277 2383 353 2448 bino
380 2382 607 2470 praepositio),
634 2383 741 2450 refelli
771 2385 901 2468 quidem
925 2385 978 2449 vix
1001 2385 1122 2469 poterit
1145 2386 1200 2468 qui
1223 2388 1427 2452 transeuntis

277 2514 296 2556 a
328 2491 473 2576 longiore
507 2491 546 2555 ad
580 2491 761 2558 breviorem
788 2493 924 2558 formam
960 2491 1202 2558 consuetudinis
1235 2493 1329 2557 initia
1343 2494 1426 2588 ¹ipsi

275 2597 446 2663 Plautinae
483 2597 758 2684 Terentianasque
801 2600 900 2664 aetati
936 2600 1068 2664 tribnat.
1115 2598 1317 2684 Quamquam
1357 2622 1427 2666 non

277 2705 382 2790 magis
419 2704 565 2788 profecto
602 2706 657 2770 ille
695 2707 872 2790 culpandus
909 2707 978 2790 qui,
1015 2707 1081 2770 late
1118 2707 1261 2789 patentis
1293 2706 1327 2770 in
1363 2705 1427 2772 boe

276 2831 392 2895 genere
416 2812 621 2876 librariorum
652 2813 718 2877 sive
746 2814 887 2878 incuriae
915 2813 982 2877 sive
1013 2834 1106 2878 curae
1130 2835 1267 2895 memor,
1294 2833 1335 2876 ne
1361 2813 1427 2878 bal-

276 2923 413 2984 mares
436 2918 566 3002 quidem
586 2941 606 2983 a
624 2919 741 2985 Plauto
765 2921 870 2985 dictos
894 2920 957 2984 sibi
980 2921 1182 3004 persuadeat,
1206 2920 1261 2985 sed
1281 2919 1321 2984 ad
1340 2925 1427 2984 oete-

276 3047 387 3089 rorum
425 3025 644 3109 exemplorum
679 3027 942 3110 aequabilitatem
978 3026 1040 3092 hoe
1073 3047 1200 3111 quoque
1232 3026 1383 3092 immissa
1414 3032 1429 3090 ι’

276 3131 380 3196 vooali
404 3153 442 3196 eo
466 3131 679 3198 confidentius
703 3133 932 3216 accommodet,
955 3155 1018 3217 qno
1042 3133 1166 3198 firmius
1190 3155 1268 3198 sane
1287 3133 1359 3198 eius
1379 3134 1426 3198 rei

276 3237 472 3322 praesidium
502 3261 539 3304 ex
563 3240 756 3306 Aletrinatis
783 3239 874 3305 tituli
901 3239 1057 3304 memoria
1083 3241 1188 3324 petat,
1211 3236 1426 3304 BALINEA·

198 3371 258 3411 xm
277 3344 389 3410 RIVM
413 3346 607 3431 scripturam
637 3348 775 3432 septimo
804 3347 973 3412 etiamtum
998 3346 1127 3410 saeculo
1151 3345 1319 3410 servantis.
1369 3345 1425 3414 ce-

276 3457 382 3516 terum
406 3453 508 3518 sciens
532 3454 737 3540 praetermisi
759 3453 894 3518 Poenuli
917 3451 957 3536 V,
981 3453 1010 3538 2,
1037 3452 1077 3516 16
1101 3451 1162 3516 bos
1186 3472 1313 3517 versus:

297 3575 303 3587 '
321 3573 384 3642 Sed
407 3599 565 3661 quaenam
587 3579 646 3643 illa
669 3579 739 3644 auis
762 3581 813 3642 est
835 3600 917 3664 quae
940 3577 1003 3642 hue
1025 3598 1098 3642 oum
1120 3575 1240 3641 tunicis
1264 3575 1424 3644 aduenit?

320 3682 485 3750 Numnam
508 3686 535 3750 it
557 3709 577 3750 a
601 3685 724 3750 balneis
748 3685 983 3750 circumductus
1002 3683 1125 3768 pallio?

276 3789 342 3856 Vbi
366 3791 427 3856 etsi
449 3791 529 3856 item
558 3791 598 3856 ad
626 3791 756 3856 balineis
783 3790 977 3873 scripturam
1000 3788 1102 3852 rideri
1129 3789 1239 3871 potest
1261 3789 1424 3856 librorum

277 3899 434 3964 memoria
457 3901 616 3982 spectare,
644 3919 781 3983 quorum
804 3895 906 3961 Vetus
931 3896 1083 3960 Nunnam
1106 3894 1290 3962 imboliairs
1312 3897 1424 3981 habet,

277 4006 440 4070 Numnam
462 4006 643 4070 inabala'ans
660 4004 870 4088 Deeurtatus,
894 4007 1002 4068 tamen
1021 4002 1126 4067 omnis
1145 4001 1277 4068 omnino
1296 4003 1422 4070 baline-
1550 4069 1551 4089 ,

277 4113 481 4202 ειτιιωιηοῒίο
509 4114 551 4177 ab
580 4112 653 4177 istis
687 4111 889 4176 sermonibus
919 4109 1023 4174 aliena
1047 4111 1106 4172 est.
1151 4107 1191 4172 In
1214 4109 1331 4194 quibus
1356 4111 1422 4176 avi·

277 4217 368 4282 culae
386 4220 493 4302 potius
518 4217 654 4284 alicuius
677 4239 796 4284 nomen
819 4219 1031 4301 exspectatur.
1075 4213 1183 4298 Velut,
1206 4219 1244 4279 ut
1271 4216 1422 4302 exemplo

276 4327 358 4406 utar,
381 4323 436 4388 sed
460 4347 522 4409 quo
547 4323 626 4388 mihi
650 4324 712 4410 ipsi
731 4347 797 4390 non
821 4323 900 4388 satis
919 4323 990 4386 fiat:
1014 4322 1134 4400 Nonne,
1156 4320 1234 4406 bein,
1257 4323 1422 4389 acalan-

278 4429 379 4494 thrlst
401 4432 623 4496 circumductus
641 4431 765 4512 pallio?
