3246 5082
310 367 376 432 320
742 383 790 430 nn
815 385 901 430 roan
921 385 1023 430 [sonu

310 549 406 592 nemo
428 547 494 591 non
517 525 685 590 uteretur?
722 523 796 589 Vna
818 525 902 590 ratio
926 523 1065 608 eogitari
1084 525 1194 606 potest
1212 519 1457 586 commemorati

310 633 409 697 idam
437 630 644 696 nominativi:
677 630 706 694 is
734 634 771 694 ut
799 633 1017 714 opponeretur
1044 627 1139 693 alteri
1171 627 1290 692 isdem
1321 627 1457 710 formae,

201 741 206 760 '
311 738 518 824 eiusdemque
546 759 638 802 casus
665 736 827 821 duplicem
857 736 997 820 speciem
1025 757 1124 800 unum
1152 733 1351 818 eundemque
1381 754 1455 816 poe·

235 923 238 928 Ι
311 848 380 910 tam
408 845 563 930 probasse
591 844 820 912 ostenderetur.
866 843 912 909 At
939 843 987 908 ita
1014 843 1117 908 altaro
1145 840 1345 908 nominativo
1374 861 1456 924 opus

312 957 382 1018 erat
405 954 439 1017 in
463 952 610 1038 proximo
634 950 782 1035 exemplo
805 951 841 1014 ic
864 950 984 1032 templis
1006 950 1114 1015 isdem:
1141 949 1198 1014 ubi
1220 951 1331 1012 tamen
1354 947 1383 1010 si
1405 946 1457 1010 is-

311 1059 393 1124 dem
426 1081 491 1124 non
522 1058 665 1124 ablativo
703 1080 779 1123 casu
812 1056 933 1122 dictum
970 1060 1069 1141 esset,
1105 1057 1215 1139 inepte
1251 1053 1457 1139 propositum

310 1166 418 1250 ipsum
446 1167 627 1250 exemplum
658 1168 756 1249 esset,
784 1187 857 1230 cum
880 1163 1028 1247 exempla
1051 1167 1302 1228 consentaneum
1326 1160 1456 1225 sitnon

312 1272 479 1357 ambigua,
507 1270 563 1336 sad
586 1271 667 1336 talia
690 1271 790 1356 deligi
812 1293 907 1356 quae,
939 1291 1035 1356 quem
1065 1291 1175 1334 casum
1198 1267 1353 1351 habeant,
1385 1266 1457 1350 ipsa

313 1379 549 1462 compositione
573 1379 745 1444 verborum
768 1381 959 1446 monstrent.

401 1485 461 1550 His
485 1485 586 1570 igitur
610 1485 656 1550 sic
683 1485 870 1550 const'tutis
900 1483 1170 1568 progrediandum
1198 1485 1248 1546 est
1271 1480 1311 1546 ad
1334 1479 1459 1546 subiec-

311 1597 381 1657 tam
400 1591 587 1658 aOicarone
610 1591 902 1656 ratiocinationem.
935 1588 1039 1665 Quam
1063 1611 1135 1655 oum
1158 1589 1259 1654 talem
1278 1609 1348 1654 esse
1363 1584 1458 1652 Goel-

313 1699 399 1764 lerus
429 1698 546 1764 voluit:
578 1703 612 1762 ot
638 1699 773 1764 eisdem
799 1703 867 1762 erat
891 1699 1013 1764 aerios:
1045 1717 1098 1762 nco
1125 1701 1227 1760 tameo
1249 1695 1398 1778 modoad
1423 1699 1460 1758 ut

312 1807 452 1888 menius.
488 1806 569 1871 mole
590 1805 718 1870 socchot
739 1805 878 1870 iisdem.
914 1805 1111 1886 impetratum
1138 1807 1182 1869 est
1202 1824 1224 1868 o
1245 1802 1461 1868 consuetudine

313 1935 340 1977 e.
363 1934 393 1996 q.
416 1935 454 1995 a,
480 1933 546 1976 non
571 1916 620 1976 est
642 1911 812 1976 veritatem
840 1915 1016 1976 assecutus.
1062 1907 1160 1974 Recte
1184 1908 1313 1994 quidam
1336 1909 1393 1973 ills
1416 1909 1458 1973 ab
1527 1907 1539 1928 “

313 2019 408 2084 initio
436 2018 579 2084 eisdem
611 2021 720 2082 tuctur
750 2040 822 2083 cum
850 2016 1038 2102 Drasdensi,
1070 2016 1279 2102 Elrlangansi,
1311 2014 1458 2080 Gudiano

313 2124 421 2208 tertio,
440 2123 568 2189 Veneta
586 2125 704 2208 prima:
730 2124 785 2188 sed
805 2124 889 2208 quod
908 2123 1157 2206 deincepsmole
1178 2123 1308 2188 sonabat
1329 2123 1460 2188 iisdem

313 2230 465 2313 probavit
487 2252 558 2296 cum
578 2229 785 2296 multitudine
805 2229 972 2314 editorum,
995 2252 1054 2295 nec
1071 2253 1130 2314 per
1151 2251 1185 2294 ss
1204 2229 1332 2294 defendi
1350 2234 1462 2314 potest

303 2359 372 2432 ‘neo
396 2339 475 2403 catis
499 2341 550 2402 est
574 2337 613 2402 ad
637 2338 922 2404 consummandam
945 2337 1270 2424 argumentationem.
1302 2335 1389 2400 Male
1408 2359 1460 2402 so·

313 2445 415 2510 nabat
437 2445 581 2531 profecto
605 2445 756 2528 iisdem,
780 2445 835 2510 sed
858 2449 927 2510 tam
951 2445 1036 2510 male
1060 2449 1096 2510 ut
1116 2467 1156 2510 ne
1175 2443 1370 2529 reprobandi
1390 2444 1460 2528 qui·

314 2552 387 2618 dem
419 2575 534 2618 caussa
566 2552 633 2616 ulla
665 2555 758 2617 esset.
809 2549 941 2617 Certum
974 2555 1024 2616 est
1055 2551 1140 2616 enim
1172 2551 1298 2616 labanti
1330 2551 1461 2616 demum

313 2660 468 2726 latinitati
491 2659 520 2724 ii
543 2659 592 2762 ijs
616 2659 753 2724 iisdem
776 2658 898 2724 formas
922 2657 1044 2741 deberi,
1068 2655 1233 2724 Ciceronis
1259 2661 1367 2722 autam
1391 2679 1461 2722 sae-

314 2767 386 2832 culo
409 2771 479 2832 tam
502 2767 632 2852 ignotas
655 2767 764 2850 trisse,
786 2771 822 2831 ut
844 2787 885 2830 ne
909 2766 944 2830 in
966 2768 1107 2830 mentem
1129 2764 1258 2850 quidem
1281 2763 1331 2828 illi
1349 2765 1460 2829 venire

313 2877 438 2957 posset,
470 2873 580 2937 dedita
607 2893 706 2955 opera
733 2871 853 2936 vitatas
881 2893 901 2936 a
929 2893 1090 2956 quoquam
1123 2871 1238 2936 dicere.
1287 2869 1462 2935 Praeterea

315 2983 425 3044 autem
448 2976 524 3061 quid
549 2997 618 3040 esse
637 2977 716 3041 illud
735 2977 889 3062 dicamus,
911 2977 995 3062 quod
1013 2977 1062 3042 ita
1080 2977 1119 3042 de
1138 2999 1200 3042 uno
1224 2976 1346 3041 isdem
1370 2975 1461 3042 abla-

314 3085 393 3168 tivo,
416 3106 472 3149 cur
494 3083 654 3167 placuerit
676 3082 792 3166 Ennio,
817 3083 968 3167 aperitur,
996 3083 1035 3148 de
1058 3083 1259 3148 nominativo
1282 3082 1416 3168 isdem,
1442 3105 1462 3148 a

315 3214 378 3277 quo
408 3209 540 3255 exorsus
568 3193 638 3253 erat
661 3186 789 3270 (licem,
820 3209 860 3252 ne
888 3188 1022 3252 verbum
1054 3189 1182 3273 quidem
1211 3189 1362 3254 additur?
1398 3189 1461 3254 hoc

315 3302 366 3364 ast
389 3299 428 3363 de
451 3319 490 3362 ea
512 3295 618 3360 forma
641 3315 737 3379 quae,
760 3315 833 3360 oum
856 3294 959 3360 multo
983 3295 1171 3360 inusitatior
1194 3300 1293 3381 esset,
1316 3296 1461 3381 aliquam

314 3405 450 3472 rationis
475 3401 746 3488 significationem
769 3402 871 3468 multo
896 3403 1000 3488 magis
1024 3402 1222 3485 postulabat.
1254 3402 1324 3468 nuc
1341 3403 1462 3468 fallunt

315 3513 423 3578 omnia
451 3515 508 3576 aut
537 3514 613 3595 post
640 3510 834 3594 explicatam
867 3509 1003 3574 ablativi
1036 3509 1070 3573 in
1102 3509 1283 3592 posteriore
1313 3510 1460 3593 exemplo

313 3619 474 3684 rationem
506 3617 546 3682 ad
575 3616 665 3701 prius
697 3617 793 3682 rediit
826 3621 859 3680 et
890 3615 1009 3682 isdem
1041 3616 1276 3682 nominativum
1306 3620 1344 3682 ut
1375 3615 1461 3680 male

316 3727 484 3790 sonantem
516 3721 703 3806 repudiasse
735 3723 880 3808 linguam
913 3721 1048 3788 addidit.
1105 3721 1152 3788 Et
1183 3726 1353 3788 servarunt
1378 3723 1462 3788 male

314 3831 443 3897 socchot
470 3829 584 3894 isdem
612 3827 816 3894 Monacensis
847 3829 946 3895 codex
970 3851 1043 3895 cum
1065 3833 1202 3914 utraque
1223 3829 1359 3896 Veneta
1399 3829 1462 3893 At·

315 3959 377 4022 que
406 3936 452 4002 sic
480 3933 607 4000 demum
638 3935 822 4001 subtiliores
854 3937 998 4002 rationes
1027 3935 1195 4002 Tullianae
1229 3935 1461 4020 disputationis

315 4065 427 4111 omnes
451 4045 484 4106 et
501 4041 549 4105 vis
569 4041 697 4108 diversa
715 4065 787 4108 cum
807 4043 1027 4128 exemplorum
1046 4049 1117 4108 tum
1138 4043 1330 4108 iudiciorum
1349 4042 1461 4126 singu-

315 4151 420 4216 lorum
444 4147 532 4213 clara
554 4147 588 4212 in
610 4149 682 4214 luce
705 4149 882 4216 collocatae
906 4155 1073 4235 apparent.
1118 4150 1170 4215 Ad
1194 4171 1363 4215 commune
1386 4169 1462 4216 oon·

315 4257 425 4323 silium
452 4251 547 4340 illud,
579 4257 616 4319 ut
643 4256 824 4341 neglectam
852 4278 921 4321 esse
949 4256 1120 4341 veriloquii
1152 4237 1257 4342 legem
1288 4255 1461 4322 suavitatis

315 4385 429 4428 caussa
452 4363 617 4448 probetur,
642 4366 790 4448 spectant
813 4365 930 4430 omnia.
976 4363 1093 4428 Verius
1117 4367 1187 4432 erat
1212 4363 1332 4428 isdem
1360 4383 1462 4428 oam-

315 4492 398 4554 pus,
420 4469 505 4554 quod
526 4470 608 4536 dixit
621 4468 761 4536 Ennius:
785 4469 915 4535 suavius
939 4469 1052 4554 idem,
1070 4471 1154 4554 quod
1169 4469 1334 4536 Ciceronis
1354 4471 1461 4534 aetate
