3116 5066
503 433 651 480 rrrvuvs
675 435 894 484 uvuumuvs.
1205 421 1265 485 101

138 574 250 640 teriana
271 599 300 660 p.
323 577 399 659 315,
423 579 456 658 6]
480 583 509 642 ct
529 578 564 640 lri
584 599 689 644 versun
706 580 761 660 qui
779 581 904 644 suntin
921 581 1054 644 cicurum
1071 580 1160 645 urbis
1174 579 1267 661 foro?

137 679 233 765 Atque
253 683 323 747 foro
347 684 446 748 etiam
469 683 634 748 Marianus
657 683 823 750 Victorius
847 686 963 750 tribuit
986 687 1033 750 sie
1055 686 1197 752 referens
1217 709 1267 750 ee·
1333 745 1339 756 .

136 791 235 852 curete
261 790 464 854 testimonio:
495 789 641 854 ‘cernitur
667 792 710 856 cd
736 791 791 856 troc
820 813 913 874 rupere
935 795 1006 858 cern
1028 793 1125 858 Reate
1141 795 1268 876 pontifi-

134 893 174 955 cio
201 895 232 958 in
255 895 337 978 soro,
364 897 447 978 quod
472 919 493 960 a
521 897 643 962 delrrlrro
667 898 709 964 D.
732 899 859 964 Mariae
885 907 1096 983 nuncupetur,
1123 901 1267 966 onubobus
1285 917 1320 958 X1

135 1003 319 1067 semicirculis
340 1024 410 1067 uem
429 1005 569 1085 primum
591 1007 785 1088 superiorum
802 1009 926 1072 incuria
944 1009 1040 1074 dirrisi
1058 1012 1153 1072 essent
1170 1011 1268 1071 aetate

133 1113 228 1173 nosue
257 1111 367 1174 ilerum
395 1112 429 1174 in
456 1132 554 1176 nuum
576 1113 755 1194 compositus.
802 1113 944 1195 lepuntnr
969 1114 1027 1178 lure
1051 1135 1166 1196 occepere
1196 1117 1266 1177 tern-

130 1220 233 1294 pestote
252 1222 358 1281 nostra
381 1218 416 1281 in
438 1238 471 1281 eo
493 1239 555 1283 sec
581 1220 756 1282 carmina
779 1221 904 1301 prisco
926 1241 967 1284 ec
990 1219 1149 1285 obsoleto
1172 1219 1267 1283 seri-

134 1320 227 1386 bendi
247 1321 363 1387 more?
409 1321 533 1388 Rursus
556 1325 627 1408 peri
652 1327 747 1408 etque
772 1347 810 1389 ex
832 1329 925 1410 purte
954 1326 1034 1391 adeo
1054 1325 1176 1390 maiore
1196 1325 1266 1388 dili-

134 1429 232 1510 gentie
255 1429 289 1493 in
310 1429 480 1514 Pighienis
504 1429 631 1494 schedis
656 1432 702 1496 sie
726 1437 890 1496 narratur:
915 1431 1017 1515 ‘prope
1036 1431 1267 1514 Quintilianum

133 1535 258 1600 uinclum
288 1557 352 1600 non
380 1537 491 1619 promul
521 1559 542 1601 a
574 1537 670 1602 Iteute
700 1540 809 1604 mediis
842 1541 959 1622 cnrupis
990 1559 1100 1604 unerus
1130 1544 1267 1604 uetustus

132 1643 310 1724 mupmcur,
336 1645 508 1726 fornicibus
534 1649 563 1709 et
589 1647 702 1728 cryptis
728 1652 953 1728 supostruetns
981 1649 1015 1711 in
1042 1667 1101 1728 quo
1124 1647 1187 1711 loco
1209 1668 1267 1712 cres

133 1767 325 1814 murmuretur
347 1751 462 1815 dicitur
483 1752 644 1816 inuentum
667 1753 749 1834 quod
769 1757 868 1817 exstet
890 1757 962 1816 cute
981 1753 1065 1832 sores
1083 1751 1268 1818 cathedralis

132 1855 270 1934 cedulam
294 1859 465 1941 insculptae
485 1865 559 1924 sunt
579 1861 699 1942 fipnrrre
720 1861 807 1924 uarii
836 1859 958 1924 lubinus
981 1859 1105 1924 choreas
1128 1860 1267 1924 ducentes

132 1963 292 2047 scalamque
314 1967 474 2047 errandum
496 1967 730 2031 conscendentes.
765 1968 892 2048 qreidum
916 1967 980 2031 illic
1002 1967 1142 2031 mentieris
1159 1965 1267 2030 habitu

132 2069 242 2134 deiram
272 2093 371 2160 uranu
403 2077 505 2137 temems
536 2075 590 2138 sed
619 2075 691 2157 eric,
717 2095 798 2156 prce
828 2075 929 2138 nimio
960 2079 1108 2138 uetustate
1134 2075 1267 2156 attritus,

132 2179 309 2262 oomscitnr,
347 2178 496 2244 Hercules
525 2184 658 2261 putatur
693 2181 744 2244 eui
779 2181 905 2244 decuma
942 2180 1089 2246 bonorrun
1128 2182 1266 2245 omniurn

133 2285 306 2350 rcouebetnr?
358 2285 388 2350 A
422 2309 486 2371 que
517 2287 675 2352 memoris
707 2287 740 2351 in
773 2289 890 2371 quibus
922 2289 1098 2372 persimilis
1136 2286 1264 2352 Gruteri

133 2389 291 2477 descriptio
321 2393 442 2476 differt,
474 2415 512 2457 eu
539 2394 661 2477 pariter
689 2393 798 2457 deberi
826 2393 951 2458 Metelli
980 2393 1106 2459 schedis
1135 2417 1265 2459 necesse
1345 2417 1349 2422 ·

133 2503 174 2562 est
203 2505 297 2585 utque
333 2499 505 2565 verborum
538 2499 730 2583 scripturam
764 2499 804 2562 ab
833 2498 975 2582 Apiun0,
1008 2499 1142 2581 Vrsino,
1172 2499 1265 2565 Bois·

133 2605 216 2672 sardo
240 2629 300 2673 non
328 2609 503 2690 acceptum.
550 2605 611 2670 Est
634 2609 739 2670 autem
763 2605 822 2668 illa
845 2603 940 2668 haee:
964 2604 1070 2669 ‘Recte
1092 2607 1266 2686 anteferes

132 2715 233 2776 namuri
255 2714 372 2798 templi,
395 2713 430 2777 in
452 2713 550 2795 eapite
570 2713 658 2795 pilae
679 2731 876 2794 mereremur,
899 2732 977 2793 prece
998 2713 1094 2795 pleno
1117 2717 1161 2777 est
1181 2714 1264 2776 uiro-

133 2839 193 2882 rum
216 2822 300 2884 uerii
327 2819 450 2884 lechitus
478 2818 601 2883 clrorees
628 2819 803 2882 ducentium
834 2823 863 2881 et
892 2821 1051 2884 escendere
1077 2820 1264 2885 conantium.

132 2927 245 3006 puidam
266 2929 392 2993 interim
414 2927 480 2990 illie
502 2925 644 2990 muliebri
665 2925 777 2990 uestitu
800 2946 897 2990 manu
920 2927 1041 2990 clauom
1066 2924 1201 3013 tenet.'*)

210 3035 320 3112 Qualis
350 3038 457 3100 autem
487 3055 622 3118 cumque
649 3033 729 3096 haee
751 3033 969 3116 discrepantia
992 3037 1050 3114 est,
1073 3036 1200 3098 tantum
1226 3058 1264 3100 ex

134 3144 305 3227 perscriptis
333 3141 437 3207 adhue
465 3140 659 3205 testimoniis
683 3138 764 3202 setis
788 3161 943 3222 apparere
966 3143 1060 3224 puto,
1087 3140 1151 3205 fide
1175 3164 1263 3224 pror-

134 3269 178 3312 sus
211 3249 340 3313 destitui
382 3248 561 3332 praemissu
597 3245 680 3330 apud
718 3245 882 3330 Apianum
918 3248 1052 3311 nomina
1092 3245 1262 3312 SANOTO

135 3351 237 3420 ululo
256 3354 358 3424 sunl
376 3355 517 3438 PATRI,
540 3353 718 3437 paullulum
743 3353 892 3436 deinceps
917 3353 1090 3417 immutata
1115 3353 1155 3416 eb
1180 3353 1263 3439 aliis,

134 3497 330 3510 Q-——a

209 3567 314 3638 ⁸)N0n
339 3569 433 3621 eutem
458 3565 495 3620 ud
517 3565 571 3619 boc
594 3567 816 3632 monumentum,
841 3565 889 3619 sed
914 3563 950 3618 ud
973 3563 1123 3618 Reatinum
1148 3563 1262 3618 titulum

134 3652 232 3711 Gruteri
248 3677 273 3727 p.
293 3663 337 3724 96,
356 3661 373 3710 8
392 3655 470 3710 nullo
488 3653 639 3709 intervallo
662 3655 727 3708 ante
751 3658 994 3708 commemoratum
1014 3653 1158 3708 Muratcrii
1177 3653 1264 3706 verbe.

134 3747 260 3810 specuum
285 3746 391 3815 ‘Neque
413 3745 589 3799 omittendum
607 3743 728 3797 celtiberi
750 3743 893 3797 abeodem
913 3741 1023 3812 Pyrrho
1041 3743 1157 3810 Liporio
1176 3742 1263 3795 basim

134 3831 203 3887 luins
224 3835 427 3904 inscriptionis,
450 3835 482 3888 in
507 3849 562 3902 quo
585 3834 689 3886 uisitur
711 3834 778 3886 ordo
800 3833 938 3885 homirnum
960 3831 1186 3897 sacrificantium,
1205 3835 1263 3883 octo

136 3920 222 3978 Musae
242 3927 424 3979 circumstant.
463 3921 594 3976 Hercules
616 3921 742 3975 muliebri
763 3922 861 3975 lrebitu
883 3921 993 3974 eliorum
1015 3919 1196 3972 none-uarium
1214 3918 1262 3970 im-

134 4010 191 4076 plet,
207 4013 245 4068 ita
265 4019 296 4066 ut
321 4011 452 4066 Hercules
476 4011 632 4079 Musaque
654 4009 804 4063 uidentur.'
843 4011 934 4077 Atque
960 4007 1003 4061 ‘in
1025 4023 1072 4062 rus.
1095 4004 1201 4074 liner?
1221 4006 1261 4058 in·

135 4103 234 4154 venerut
254 4102 373 4156 eundem
392 4099 514 4164 titulum,
533 4099 582 4167 qui
601 4097 732 4170 [SANCO
752 4097 838 4167 Duo}
858 4096 967 4150 PATRI
986 4093 1151 4148 REATINO
1170 4093 1262 4148 lactus

135 4189 182 4254 est,
206 4188 286 4244 etium
309 4187 420 4263 §ludius
447 4189 520 4242 teste
545 4187 671 4241 Grutero.
708 4186 767 4240 Nec
794 4203 812 4239 u
841 4185 918 4239 ‘unse
942 4182 1101 4238 marmerco’
1127 4182 1171 4237 vel
1192 4183 1262 4252 ‘pilu

82 4291 84 4296 ·
136 4278 278 4332 murmorcc’
304 4295 361 4332 non
380 4275 474 4332 differt
499 4275 604 4331 ‘besu’.
644 4273 983 4344 Quumquumtutendum
1007 4271 1101 4328 estin
1120 4271 1262 4327 Musarum

136 4378 187 4416 curn
209 4363 323 4422 Hercule
342 4365 489 4436 uusageu
517 4365 630 4419 chorum
660 4365 718 4430 (sed
746 4363 806 4418 sine
834 4362 1050 4416 sacrificantium
1079 4360 1186 4432 ordine)
1206 4380 1261 4417 non

137 4449 306 4511 disconvenire
325 4453 491 4525 Pighianum
510 4453 732 4522 descriptionem.
771 4451 858 4516 erulc
877 4453 1086 4506 monumentum
1104 4469 1169 4505 num
1190 4451 1261 4506 torte

140 4537 211 4594 hodie
227 4549 320 4614 exstet,
340 4561 395 4598 uon
413 4541 550 4598 inutiliter
567 4545 700 4610 quaerere
718 4539 896 4610 urchaeologi
914 4541 1053 4610 poterunt.
