3116 5066
275 350 338 414 174
550 367 771 416 uouvunurs
795 368 1030 416 arronsrurcs
1054 369 1145 416 rara.

272 528 345 570 cum
368 508 519 592 aequales
539 507 709 574 Octaviani
727 509 868 594 Augusti
890 513 1006 594 poetae
1024 511 1175 592 periclum
1198 509 1360 594 dixerunt,
1384 509 1420 573 in

272 613 344 678 aliis
373 618 482 678 autem
510 613 564 680 hic
592 616 662 700 ipse
690 617 730 680 ad
759 616 986 701 antiquitatem
1014 616 1137 681 reditus
1165 619 1234 680 tam
1261 619 1420 682 constans

272 722 377 786 evasit
399 721 623 807 communique
646 745 735 788 more
757 727 904 808 receptus
928 728 987 807 est,
1011 728 1047 788 ut
1068 723 1168 788 trium
1188 727 1331 788 aetatum
1349 745 1421 788 suc·

273 828 375 892 cessio
399 829 500 912 fieret,
523 851 660 913 quarum
683 831 782 895 tertia
805 829 1081 916 redintegraretur
1100 831 1224 914 primae
1249 831 1421 915 asperItas,

273 934 328 998 sed
356 957 438 1020 quae
473 937 539 1000 iam
572 937 734 1021 elegantia
765 937 874 1021 potius
907 936 1062 1021 quaedam
1097 936 1268 1002 videretur.
1318 936 1421 1012 Velut

271 1041 380 1106 cotra
401 1041 541 1108 formam
564 1065 637 1108 cum
667 1043 806 1127 pristina
829 1048 919 1110 aetas
942 1044 1094 1129 probavit
1117 1047 1186 1108 tum
1208 1045 1308 1110 tertia
1331 1045 1422 1110 adnl-

272 1153 325 1213 tae
346 1147 492 1234 linguae:
520 1149 626 1215 media
655 1155 760 1214 aetate
788 1151 960 1236 trisyllaba
986 1153 1111 1217 descen
1137 1151 1244 1216 forma
1267 1152 1422 1236 regnarit

274 1255 357 1340 sola,
384 1260 422 1321 ut
448 1257 533 1342 apud
561 1257 713 1323 Plautum
745 1258 877 1344 ubique,
909 1282 1006 1345 quam
1033 1258 1132 1324 tertia
1159 1259 1263 1342 poetis
1290 1262 1420 1326 tantum

251 1364 441 1432 .concessit.
492 1365 693 1449 Quamquam
728 1367 845 1432 mirum
873 1389 944 1432 esse
972 1389 1038 1432 non
1065 1369 1188 1451 potest,
1219 1366 1254 1430 in
1281 1365 1421 1451 singulis

273 1471 439 1536 vocabulis
467 1493 533 1538 non
559 1495 690 1557 prorsus
719 1473 790 1557 pari
817 1473 867 1538 vel
895 1477 1078 1558 temporum
1107 1473 1158 1537 rel
1186 1471 1344 1558 graduum
1368 1473 1421 1538 rel

274 1579 513 1644 consuetudinis
551 1583 584 1644 et
618 1579 818 1665 frequentiae
856 1581 1066 1664 proportione
1097 1580 1157 1646 has
1189 1580 1334 1644 rationes
1369 1601 1421 1644 ex·

273 1686 412 1770 aequari.
458 1685 528 1764 Quo
557 1687 592 1752 in
615 1707 733 1773 genere
757 1709 853 1772 qnam
878 1687 1049 1771 multiplex
1073 1687 1214 1752 varietas
1237 1686 1346 1770 fuerit,
1369 1685 1422 1752 de
1447 1721 1451 1728 ·

272 1795 454 1858 monstrare
477 1793 567 1860 velut
593 1794 627 1858 in
649 1793 799 1858 Heracus
826 1815 903 1858 voce
931 1791 1106 1876 promiscui
1134 1815 1212 1858 usus
1235 1793 1422 1859 constantia

273 1904 394 1984 potest:
418 1923 516 1985 quam
539 1923 612 1966 cum
635 1901 756 1966 rationi
779 1903 1031 1966 consentaneum
1055 1899 1099 1964 sit
1122 1900 1318 1986 aprincipio
1337 1899 1420 1966 Her-

273 2007 332 2071 cles
358 2006 470 2090 fuisse,
500 2007 614 2073 deinde
641 2007 785 2072 Heracleo
811 2006 862 2072 vel
891 2005 1052 2086 Herculea,
1085 2029 1122 2072 ac
1152 2007 1291 2072 fortasse
1321 2008 1421 2073 tertio

273 2113 345 2178 loco
368 2135 480 2179 rursus
503 2113 649 2198 Hcrcles,
671 2118 781 2179 tamen
812 2114 882 2198 ipsa
909 2135 986 2178 usus
1014 2113 1076 2179 hoc
1099 2114 1207 2198 potius
1230 2115 1354 2199 voluit,
1387 2118 1422 2180 nt

274 2243 339 2286 una
360 2220 513 2286 Plautina
535 2224 642 2285 aetate
665 2221 814 2286 Hercules
836 2220 931 2285 simul
955 2223 988 2284 et
1010 2219 1157 2284 relictum
1180 2241 1219 2285 ex
1238 2221 1422 2306 antiquiore

275 2351 421 2395 sermone
443 2327 540 2394 hercle
566 2327 738 2411 diceretur,
765 2349 823 2413 pro
852 2350 915 2413 quo
943 2331 1075 2412 postera
1102 2327 1231 2392 demum
1254 2331 1346 2394 aetas
1371 2349 1422 2394 ac-

275 2435 513 2504 commodatam
540 2436 581 2501 ad
609 2435 711 2520 ipsius
738 2435 879 2501 nominis
907 2434 1048 2501 formam
1077 2435 1271 2520 particulam
1300 2435 1422 2502 serare

275 2545 496 2612 substitueret.
549 2541 635 2608 Hinc
666 2546 753 2609 recta
789 2542 968 2608 existimari
1004 2543 1043 2608 de
1080 2543 1145 2607 illis
1181 2545 1303 2628 potent
1339 2567 1422 2631 quae

276 2653 394 2720 dixisse
426 2653 549 2734 mrtqui
576 2651 627 2716 vel
659 2650 833 2716 traduntur
860 2651 912 2715 vel
939 2650 1141 2734 reperiuntur
1168 2651 1342 2716 Alcumeus
1364 2653 1422 2718 At

275 2781 397 2827 nemaeo
423 2759 601 2825 Tcasmessa
624 2757 794 2823 Patricoles
815 2755 985 2822 dractuma
1008 2755 1138 2820 tertiae:
1167 2757 1284 2840 quibus
1307 2757 1421 2832 formis

277 2867 339 2931 etsi
362 2869 438 2930 suut
461 2886 539 2930 sane
561 2863 757 2929 recentiores
780 2863 929 2928 Alantone
951 2861 1097 2928 Alcmaeo
1122 2863 1287 2948 recma,
1309 2868 1421 2930 tamon

222 2971 408 3038 11eaedem
431 2971 504 3036 illas
532 2970 631 3036 etiam
654 2973 906 3036 antecesserant:
939 2969 1023 3054 quod
1046 2991 1113 3036 non
1136 2973 1186 3034 est
1208 2969 1421 3037 dubitandum

277 3079 355 3163 quin
381 3077 569 3162 planissime
598 3080 786 3161 appareret,
814 3077 842 3142 si
871 3077 944 3161 plus
963 3079 1246 3142 monumentorum
1269 3099 1309 3142 ex
1333 3081 1421 3143 retu·

277 3185 421 3252 stissima
452 3185 582 3269 linguae
614 3187 720 3250 aetate
752 3187 944 3267 superesset
996 3183 1109 3268 Itaque
1141 3184 1204 3248 atsi
1236 3187 1421 3250 contractas

277 3295 329 3360 vel
359 3297 396 3360 ut
422 3292 541 3358 rectius
568 3291 673 3356 dicam
701 3287 924 3375 primitivas*)
951 3290 1040 3371 infra
1070 3295 1158 3355 estro
1179 3310 1276 3373 surpra
1297 3291 1421 3358 formas

278 3423 350 3466 oum
382 3399 520 3466 Plautus
556 3398 643 3464 solas
680 3399 771 3464 novit
805 3399 940 3482 ipsaque
977 3399 1187 3462 monumenta
1222 3403 1259 3464 ut
1291 3395 1350 3464 Sd.
1383 3397 1420 3462 de

278 3507 496 3572 Bacanalibus
534 3527 607 3571 cum
642 3505 714 3590 lege
751 3504 880 3590 agraria
916 3507 1093 3587 testantur,
1129 3508 1200 3570 tum
1231 3503 1266 3567 in
1301 3501 1419 3567 eisdam

278 3613 390 3679 adulta
416 3613 529 3697 lingna
552 3611 726 3696 acquievit,
753 3614 862 3675 tamen
891 3610 997 3675 medio
1020 3613 1167 3694 tempore
1190 3610 1330 3694 quodam
1359 3609 1420 3674 sal·

277 3727 345 3788 tem
368 3723 519 3805 coeptum
543 3741 613 3784 esse
637 3719 737 3784 etiam
760 3718 863 3798 infera
890 3723 994 3783 catera
1015 3737 1127 3799 opero
1149 3717 1221 3798 dici,
1244 3721 1282 3780 ut
1309 3715 1420 3800 paucis

366 3950 392 4020 *)
412 3947 517 4015 Quodsi
539 3948 588 4018 qui
610 3949 705 4004 tamen
728 3944 959 4016 proficiscendum
982 3945 1037 4000 sibi
1055 3960 1113 4000 essa
1131 3961 1149 4000 a
1166 3943 1257 4014 plenis
1275 3941 1372 3998 formis
1390 3943 1422 3996 ut

277 4041 370 4108 insero
387 4039 541 4109 putabunt:
561 4035 639 4092 cuius
658 4051 710 4106 ego
729 4034 835 4090 exordii
853 4035 1048 4090 necessitatem
1067 4051 1122 4088 non
1141 4032 1222 4088 rideo
1240 4031 1289 4102 qni
1307 4031 1420 4088 demon-

278 4128 394 4184 straturi
417 4127 487 4184 siut:
512 4125 618 4180 iaciant
639 4124 669 4178 id
695 4123 809 4192 quidem
832 4123 970 4180 arbitratu
989 4139 1054 4191 suo,
1078 4122 1127 4178 sad
1146 4123 1199 4176 hac
1218 4120 1302 4175 simul
1321 4120 1419 4176 libare

278 4217 373 4286 litate,
398 4219 429 4272 ut
451 4216 495 4272 bis
517 4215 592 4270 Iacto
616 4212 714 4268 ecdem
740 4213 860 4268 mansitu
883 4213 1009 4284 lingnam
1028 4211 1183 4267 concedant
1200 4207 1421 4280 quadruplici

278 4303 452 4362 successione
478 4305 514 4359 ab
539 4305 645 4372 insero
669 4319 845 4373 progressam
872 4302 908 4357 ad
936 4303 1035 4370 iufra,
1064 4301 1099 4356 ab
1122 4300 1209 4368 iufra
1227 4315 1366 4354 reversam
1386 4295 1420 4351 ad

279 4396 404 4464 tessera,
431 4392 467 4446 ab
493 4393 599 4460 insero
625 4393 716 4448 denno
735 4391 772 4447 ad
789 4391 868 4459 iusso
890 4393 1099 4461 transgressam.
1138 4387 1189 4460 [CI.
1213 4387 1325 4442 Priscae
1344 4385 1419 4440 latin.

279 4483 366 4553 epigr.
386 4482 521 4551 supplem.
541 4483 566 4535 II
585 4481 670 4550 (infra
687 4499 714 4538 u.
734 4481 834 4548 XVIII,
853 4484 880 4548 2)
899 4497 925 4548 p.
946 4479 993 4534 III.
1031 4478 1059 4533 C.
1080 4478 1136 4546 W.]
