3246 5082
286 322 351 387 278
451 383 456 396 ,
605 336 652 384 mr
676 335 876 384 rrcmmnvs
900 335 1110 384 mrrmrsrrs

287 503 356 548 esse
379 484 431 546 sat
455 483 542 545 certo
565 480 824 545 demonstratum
851 479 1001 544 viderem.
1047 477 1141 544 Certe
1165 475 1301 542 Plautus
1329 498 1369 541 ne
1397 476 1432 540 in

286 587 427 674 pistrino
452 586 581 672 quidem
604 587 768 672 produxit:
791 587 825 650 in
849 586 938 652 euius
962 609 979 652 e
1003 585 1174 652 Saturione
1197 607 1291 650 versu

398 729 538 796 Retrahr‘
558 712 771 815 nequitum,
794 732 922 815 quoquo
947 751 1119 815 progressa
1141 729 1191 792 est
1214 727 1313 792 semel

288 897 354 941 non
378 874 532 939 debuerat
554 874 623 940 sine
647 873 823 940 offensione
846 871 1064 958 praetermitti
1088 870 1162 936 ‘est’
1186 871 1318 936 voculae
1338 872 1432 936 omis-

289 983 351 1048 sio:
382 986 479 1067 atque
503 1003 571 1048 non
595 982 642 1046 sic
665 980 719 1046 sed
742 981 927 1066 nequitur
953 979 987 1042 in
1011 977 1101 1043 Festi
1118 975 1155 1062 p.
1177 978 1239 1043 162
1258 977 1300 1042 Μ.
1325 979 1434 1044 codice

289 1089 446 1174 seriptum
477 1092 603 1154 exstare
635 1087 779 1172 locuples
811 1086 905 1150 testis
932 1084 1057 1150 Keilius
1089 1088 1219 1168 praesto
1252 1087 1302 1150 est
1329 1083 1434 1150 Musei

288 1195 349 1261 Rh.
373 1195 421 1260 VI
443 1220 474 1280 p.
494 1197 568 1261 621.
613 1193 727 1280 laque
751 1217 823 1260 oum
847 1193 959 1259 eodem
989 1193 1194 1258 incommodo
1217 1191 1339 1257 ibidem
1361 1215 1434 1277 pro·

288 1301 376 1368 latus
399 1299 601 1366 Pacuvianus
625 1323 736 1366 versus
760 1300 853 1384 (300)
876 1301 1054 1366 laboraret:

314 1445 376 1511 Se'd
395 1467 467 1510 eum
487 1442 639 1510 contendi
659 1445 861 1528 nequitum
884 1443 926 1528 ui,
949 1444 1034 1508 elam
1052 1424 1213 1508 tendenda
1237 1446 1288 1508 e‘st
1306 1443 1413 1528 plaga,

257 1643 265 1656 r
290 1612 356 1656 non
380 1587 509 1653 hercule
533 1587 601 1651 sine
626 1609 741 1652 caussa
763 1587 801 1650 de
821 1588 933 1652 endem
953 1587 1011 1652 illa
1033 1588 1216 1672 nequitur
1239 1587 1346 1652 forma
1362 1587 1438 1652 Rib-

292 1696 423 1762 beekius
456 1694 626 1780 cogitavit:
659 1694 738 1759 satis
771 1695 857 1758 enim
890 1697 961 1759 erat
992 1694 1155 1779 participii
1183 1717 1277 1760 usum
1304 1693 1439 1760 Catonis

293 1801 442 1887 exemplo
465 1800 593 1866 firmare
618 1801 877 1886 grammaticum.
913 1801 1081 1866 Postremo
1104 1801 1196 1868 Aeoli
1219 1803 1438 1886 septenarium

293 1911 358 1976 662
386 1929 451 1973 non
480 1907 587 1972 minus
616 1908 782 1973 commode
815 1931 835 1971 a
859 1907 1011 1984 ‘Quitus
1046 1907 1133 1973 sum'
1167 1908 1267 1974 ordiri
1295 1930 1391 1992 quam
1420 1932 1440 1973 a

293 2016 450 2094 ‘Quitue
473 2011 572 2097 sum’,
594 2014 735 2097 perspici
759 2015 800 2078 ab
824 2037 1017 2101 unoquoque
1035 2017 1195 2099 potuerat.
1216 2053 1257 2062 -
1278 2014 1440 2080 Adderem

293 2123 354 2205 his,
377 2144 444 2186 non
468 2121 534 2185 alia
558 2123 654 2208 atque
678 2123 778 2184 citus
802 2121 855 2185 via
879 2122 919 2212 ab
944 2125 1079 2186 e-i·tus
1103 2123 1153 2186 rel
1173 2125 1288 2186 i-ltus
1312 2121 1442 2186 descen-

293 2231 368 2295 dere
397 2232 493 2312 itus,
525 2227 590 2292 nisi
619 2225 670 2291 his
698 2249 782 2292 nunc
811 2228 977 2294 immorari
1004 2229 1137 2295 nollem.
1181 2229 1250 2294 Neo
1276 2251 1327 2292 me
1355 2229 1443 2314 fugit

295 2337 425 2402 brevem
459 2335 494 2399 in
528 2337 649 2418 satus,
682 2335 764 2398 unde
792 2333 873 2399 haee
901 2334 1078 2420 disputatio
1109 2335 1215 2400 omnis
1243 2339 1355 2402 exorta
1383 2341 1442 2420 est,

295 2443 441 2511 vocalem
464 2441 539 2506 inde
561 2441 665 2526 repeti
684 2463 704 2505 a
722 2439 929 2506 Lachmanno
949 2441 1090 2506 Lucretii
1113 2464 1144 2524 p.
1163 2441 1215 2525 54,
1238 2443 1324 2527 quod
1347 2443 1443 2528 liqui·

294 2552 369 2617 dam
397 2550 518 2615 habeat
544 2571 697 2635 praesens
726 2571 825 2614 sero:
858 2569 939 2632 quae
967 2571 1148 2614 consonans
1180 2549 1221 2613 ab
1244 2550 1316 2634 ipsa
1340 2549 1442 2633 stirpe

295 2659 386 2723 verbi
403 2679 470 2722 non
489 2657 594 2722 minus
615 2657 759 2721 seiuncta
778 2659 828 2721 est
842 2677 937 2741 quam
956 2676 978 2718 a
996 2655 1107 2720 littera
1125 2655 1159 2720 in
1181 2655 1262 2720 lino
1286 2660 1319 2720 et
1343 2655 1443 2735 sino,

297 2765 380 2830 unde
404 2766 501 2828 litus
525 2769 624 2828 situs
647 2765 738 2828 fiunt.
772 2761 833 2827 Sed
858 2762 898 2827 ad
921 2762 1095 2827 verborum
1114 2763 1231 2847 stirpes
1251 2763 1442 2828 consonanti

296 2871 486 2936 terminatas
510 2867 686 2954 exspatiari
709 2869 841 2952 longum
866 2872 923 2933 est.

385 2975 494 3059 Atque
517 2975 598 3041 haec
621 2977 701 3039 satis
732 2979 827 3039 sunto
851 2975 891 3040 de
915 2975 1119 3061 Saeturno,
1151 2999 1170 3040 a
1199 2981 1271 3041 satu
1295 2977 1382 3042 dieto
1406 2981 1443 3042 ut

297 3083 468 3148 Plautinus
491 3081 522 3145 N
529 3085 713 3146 octurnus
737 3083 814 3146 deus
834 3105 853 3146 a
870 3085 976 3147 noete:
1001 3105 1195 3168 quamquam
1214 3083 1295 3148 illud
1310 3083 1442 3148 minime

298 3189 446 3274 impedio,
470 3190 640 3274 quominus
664 3211 728 3253 non
753 3193 899 3274 segetum
923 3193 1050 3253 tentum
1075 3194 1164 3254 sator
1187 3190 1255 3268 ille,
1283 3189 1338 3254 sed
1361 3191 1443 3254 tam·

299 3321 397 3384 qnam
420 3297 505 3362 vitae
528 3295 691 3360 terrestris
715 3295 883 3360 universae
908 3300 1078 3379 generator
1096 3297 1263 3361 habeatur.
1295 3295 1441 3361 Tertium

300 3407 473 3488 adicerem,
510 3407 638 3489 praeter
669 3401 818 3488 vulgaria
852 3401 911 3467 illa
938 3401 1168 3468 Volturnum
1200 3401 1443 3468 Menturnam

298 3513 512 3596 Iuturnam,
540 3510 689 3595 pariliter
711 3509 910 3595 appellatum
940 3533 958 3573 a
980 3509 1065 3574 lacte
1089 3509 1321 3575 Lacturnum
1350 3509 1443 3575 deum

260 3641 317 3684 ree
339 3618 554 3683 Varronianis
583 3616 668 3700 apud
692 3616 911 3702 Augustinum
941 3615 980 3682 de
1009 3616 1067 3681 civ.
1091 3616 1142 3681 dei
1165 3616 1222 3700 IV,
1246 3619 1280 3702 8,
1312 3617 1339 3681 si
1363 3617 1443 3681 mihi

299 3727 338 3792 de
361 3726 423 3791 fide
446 3723 624 3808 scripturae
649 3725 728 3789 eatis
752 3726 930 3790 constaret:
954 3722 1038 3807 quod
1058 3723 1151 3809 quale
1171 3723 1215 3787 sit
1237 3745 1277 3787 ne
1301 3722 1357 3787 alii
1377 3723 1444 3807 qui·

299 3835 372 3898 dem
396 3832 477 3897 scire
501 3832 590 3914 prius
615 3835 767 3915 poterunt
795 3851 891 3916 quam
920 3830 1052 3894 illorum
1081 3829 1237 3894 librorum
1264 3852 1331 3894 non
1354 3829 1445 3894 theo

299 3942 449 4028 logorum
471 3942 615 4023 tantum,
643 3939 697 4004 sed
720 3937 959 4024 philologorum
987 3938 1020 4002 in
1044 3959 1137 4002 usum
1161 3941 1276 4021 parata
1299 3937 1443 4004 recensio

301 4047 335 4112 in
357 4049 511 4130 promptu
535 4045 605 4110 erit.
