3216 5082
264 265 330 330 472
375 282 423 328 na
445 279 709 328 occurreremus
732 279 880 340 ovsnlu
899 278 1029 328 carme
1051 276 1326 326 ussoumrronr.

265 426 457 492 Aesernes
490 421 736 508 nominativi*),
769 423 924 488 vicarium
956 423 1049 487 illum
1072 422 1239 508 plenioris
1272 421 1415 488 Aeser·

265 534 367 599 nium
394 533 532 598 formae:
565 552 631 595 nou
660 551 792 614 prorsus
820 529 931 614 parili,
960 528 1015 594 sed
1039 529 1117 594 satis
1141 526 1286 614 profecto
1310 529 1418 594 simili

266 641 392 706 ratione
417 643 512 723 atque
531 660 595 722 qua
618 639 820 721 parentum
843 640 876 702 et
898 633 1136 726 parentium,
1158 639 1358 704 volucrum
1382 641 1419 703 et

266 745 496 828 volucrium,
520 744 650 808 sedum
674 748 707 809 et
730 743 876 809 sedium
900 747 934 810 et
955 743 988 808 id
1011 766 1113 830 genus
1137 745 1203 810 ulia
1225 769 1293 811 non
1310 768 1417 830 pauca

267 852 480 918 continentur.
525 851 565 916 In
587 873 660 916 earn
683 852 786 938 igitur
808 855 935 936 portem
963 855 1000 917 ut
1023 853 1227 918 Aesernim
1256 854 1415 937 interpre-

267 965 384 1046 temur,
407 981 524 1026 caussa
546 959 725 1026 iustissima
748 959 824 1024 hine
847 961 964 1042 parete
987 962 1038 1024 est
1060 959 1144 1044 quod
1166 983 1207 1026 ne
1230 960 1417 1044 productio·

268 1069 312 1134 ris
342 1067 470 1154 quidem
494 1066 618 1132 formae
647 1066 803 1150 exemplis
833 1065 1047 1130 destituimur.
1092 1065 1212 1134 Parum
1236 1089 1313 1134 sane
1340 1068 1418 1134 fidei

220 1198 255 1239 vr
269 1175 373 1240 ausim
402 1173 441 1238 de
469 1172 730 1240 AESERNIVM
762 1171 941 1258 epigraphe
968 1173 1149 1241 narrationi
1179 1175 1235 1242 isti
1262 1175 1418 1254 tribuere,

269 1303 366 1366 quam
389 1261 432 1345 ib
455 1280 606 1346 Ianuario
630 1280 742 1346 Riccio
767 1283 940 1364 acceptam·
955 1277 1177 1346 Mommsenus
1204 1305 1233 1366 p.
1253 1282 1318 1348 338
1342 1306 1425 1368 pro-·

271 1387 362 1452 didit.
406 1385 528 1451 Verum
550 1409 684 1471 prorsus
708 1386 842 1452 eandem
866 1387 932 1452 vim
955 1381 1169 1462 A15ERN10
1193 1387 1243 1475 (P.
1262 1389 1296 1455 L.
1315 1389 1358 1454 Μ.
1377 1390 1418 1456 Ε.

270 1494 335 1559 tab.
351 1492 430 1576 Vll,
449 1491 507 1581 24)
534 1492 648 1577 habet,
678 1514 737 1577 pro
760 1493 984 1560 Aeserniom
1013 1495 1157 1578 positum
1184 1498 1222 1560 ut
1244 1493 1419 1572 rtQVINO

272 1599 483 1668 OAIATINO
508 1598 679 1668 cntcNo
700 1598 873 1666 OOZANO
892 1595 1102 1689 (005ANO)
1124 1601 1301 1668 OORANO
1322 1597 1419 1667 ΠΑΙ-

272 1702 421 1776 5TANO
445 1707 630 1775 ROMANO
656 1701 867 1777 §VE5ANO
891 1705 1027 1773 TIANO
1052 1729 1112 1791 pro
1133 1707 1325 1792 Aquinom
1348 1705 1419 1772 Os·

249 1816 437 1884 ‚iatinom
460 1819 493 1880 et
516 1816 665 1881 similiter
688 1813 860 1880 declinatis
885 1813 1015 1878 ceteris:
1039 1836 1121 1899 quae
1138 1814 1264 1899 pridem
1278 1813 1419 1881 Momm-

272 1945 368 1988 senus
391 1945 423 2006 p.
441 1922 507 1987 204
529 1923 615 1988 iuter
639 1944 673 1986 re
697 1919 863 1987 contendit
886 1918 1049 2002 (immixta
1071 1921 1200 2006 quidem
1221 1917 1430 2016 bADINOM¹

272 2030 491 2113 inscriptione,
515 2029 605 2094 cuius
628 2032 704 2113 post
722 2025 914 2093 Elckhelium
935 2028 1057 2093 nemini
1080 2029 1133 2094 vel
1151 2028 1243 2114 copia
1261 2029 1350 2096 facts
1368 2033 1422 2096 est

186 2139 193 2153 '
273 2138 324 2203 vel
348 2117 531 2221 exemplum
555 2134 720 2222 innotuit).
1191 2139 1195 2149 '

361 2243 431 2310 Nec
453 2243 535 2310 illud
550 2242 753 2309 Mommseno
776 2263 842 2308 non
865 2235 960 2308 facile
983 2243 1184 2328 concedetur,
1206 2243 1248 2309 ad
1266 2243 1420 2310 similitu-

273 2351 380 2416 dinem
403 2347 619 2416 AISERNIM
642 2349 765 2415 formae
789 2351 888 2416 etiam
909 2348 1029 2414 TIATI
1052 2337 1296 2434 inscriptionem
1319 2353 1421 2436 pluri-

272 2480 401 2523 morum
432 2477 643 2546 nummorum
671 2477 875 2522 communem
912 2455 1124 2522 revocandam
1157 2479 1241 2542 asse,
1277 2460 1421 2543 positam

273 2586 344 2629 eam
368 2564 498 2650 quidem
527 2586 586 2649 pro
609 2563 753 2629 Tistim
782 2563 802 2627 i.
822 2585 847 2627 e.
872 2562 1052 2628 Tiatium.
1101 2561 1170 2628 Nec
1193 2586 1251 2650 per
1274 2588 1308 2630 se
1332 2567 1420 2652 quic-

274 2692 371 2756 quam
395 2670 506 2736 obstat
529 2671 701 2755 quominus
722 2670 833 2736 eodem
852 2670 932 2736 item
950 2669 1213 2753 frequentissima
1226 2671 1421 2740 LOVOIIRI

274 2777 354 2864 (non
374 2773 574 2862 tovcnffl,
596 2781 635 2842 ut
657 2776 798 2862 ridetur)
822 2777 1000 2863 epigraphe
1018 2775 1185 2842 referatur.
1216 2778 1420 2866 Quamquam

273 2885 354 2949 haec
376 2905 443 2950 uon
464 2907 524 2950 uos
547 2885 633 2971 fugit
657 2885 756 2950 etism
775 2885 954 2969 planiorem
973 2883 1220 2967 explicationem
1239 2886 1421 2955 admittere.

364 2989 487 3066 Quodsi
519 2991 596 3056 talis
628 2989 799 3054 declinatio
833 3012 872 3056 ex
899 2989 1055 3056 Oscorum
1087 2991 1196 3075 potius
1229 3015 1289 3058 ιιιιι
1322 2997 1420 3080 atque

276 3096 506 3164 consuetudine
530 3118 599 3186 csse
622 3095 797 3181 repetenda
824 3097 895 3162 visa
918 3101 981 3180 est,
1008 3099 1117 3163 temen
1141 3097 1225 3164 hanc
1246 3100 1420 3166 ratiocina-

275 3204 399 3270 tionem
421 3203 649 3270 necessitatem
672 3225 739 3268 uon
761 3202 882 3268 hebere
904 3202 1074 3269 fatendum
1097 3204 1171 3289 erit,
1195 3227 1233 3270 ex
1256 3229 1320 3291 quo
1344 3229 1420 3274 ean-

275 3315 346 3380 dem
380 3311 561 3378 declinandi
593 3311 734 3397 speciem
761 3311 844 3398 ipsis
871 3311 998 3378 Latinis
1031 3313 1194 3380 veteribus
1226 3335 1299 3380 cum
1327 3315 1419 3381 Oscis

349 3507 389 3578 ³)
408 3507 452 3562 Ad
471 3507 558 3563 talem
576 3506 781 3562 nominativum
806 3507 849 3562 est
871 3505 921 3576 qui
939 3506 1101 3562 dubitanter
1119 3506 1203 3563 etiarn
1222 3507 1356 3565 Muclus
1375 3511 1420 3565 vel

274 3599 405 3655 Moerus
424 3595 636 3666 inscriptionem
656 3614 751 3652 eorum
770 3612 947 3650 nummorum
965 3595 1081 3665 referat,
1101 3615 1169 3666 ques
1189 3597 1324 3668 exemplis
1343 3599 1419 3654 chal-

275 3687 425 3761 cograpbis
453 3685 677 3756 repraesentator
705 3685 791 3740 habes
817 3683 847 3738 in
875 3683 939 3739 Iulii
961 3684 1170 3741 Friedlaenderi
1192 3685 1320 3742 Nummio
1343 3689 1420 3744 Oscis

275 3780 332 3835 tab.
347 3777 413 3832 VIII
430 3775 494 3842 int,
513 3774 543 3828 iu
561 3775 626 3829 Iulii
640 3773 799 3830 Minervinii
815 3773 993 3829 ‘Bullettino'
1009 3773 1197 3844 Neapolitano
1211 3793 1293 3845 novo,
1310 3777 1365 3834 vol.
1381 3777 1419 3832 Ill

275 3867 332 3926 tab.
347 3867 412 3936 llll,
432 3871 448 3920 9
468 3864 524 3932 (vel
544 3863 661 3934 ‘Ssgffio
676 3863 706 3917 di
720 3862 906 3918 osservsrioni
920 3862 1146 3918 numismatiche’
1163 3863 1220 3920 tab.
1235 3865 1282 3936 1v,
1296 3867 1332 3935 9),
1351 3866 1419 3922 item

275 3961 305 4014 in
323 3953 502 4012 Lenormauti
526 3951 727 4016 eene-wind
747 3951 833 4008 ‘Elite
857 3952 905 4008 des
923 3953 1101 4007 monuments
1125 3955 1417 4026 ceramographiques’

275 4047 425 4104 introduct.
449 4063 475 4114 p.
491 4043 618 4098 XLVIII:
647 4042 759 4112 quando
778 4041 812 4096 de
831 4041 985 4100 Beneventi
1008 4041 1166 4112 antiquiore
1190 4045 1302 4100 nomine
1321 4045 1418 4102 birli·

276 4153 351 4192 essa
374 4132 502 4204 quamvis
526 4130 653 4202 speciosa.
675 4131 834 4188 coniectura
856 4132 1024 4188 Mommseui
1049 4131 1094 4202 (de
1117 4132 1184 4188 dial.
1202 4152 1230 4204 p.
1246 4139 1309 4202 102,
1333 4136 1368 4192 de
1391 4153 1419 4192 re

276 4242 380 4280 numm.
399 4223 479 4278 Rom.
498 4221 527 4276 in
542 4220 696 4276 comment.
715 4237 769 4276 soc.
786 4221 849 4278 Sar.
869 4222 903 4277 cl.
923 4221 988 4276 bist.
1008 4221 1078 4291 phil.
1096 4221 1151 4277 vol.
1166 4221 1179 4274 I
1196 4239 1224 4292 p.
1238 4227 1301 4293 233)
1325 4225 1419 4280 certis·

277 4312 361 4368 simas
379 4313 474 4366 tamen
497 4309 686 4366 dubitationes
705 4309 799 4368 habet.
836 4311 896 4368 Nec
913 4309 1120 4366 dubitationem
1142 4310 1203 4381 ipre
1226 4311 1331 4368 celarit
1349 4311 1419 4370 Hist

276 4399 318 4456 rei
335 4417 439 4454 numm.
458 4399 538 4455 Rom.
557 4419 584 4471 p.
599 4406 659 4455 316.
