3216 5082
550 369 832 418 svrennmnsrvu
856 370 904 416 111.
1233 349 1297 416 527

152 511 214 577 illa
236 515 357 596 aetate,
385 533 449 596 qua
472 512 620 578 consules
644 513 775 578 omnino
803 511 885 577 nulli
907 509 1050 594 fuerunt,
1080 501 1242 574 summum
1264 509 1299 574 iu

154 641 189 682 re
212 618 343 702 publica
365 618 538 704 imperium
559 619 684 684 tribuni
707 620 848 685 militum
873 618 1035 686 consulari
1058 620 1219 700 potestate
1244 616 1298 682 ob-

153 725 331 792 tinuerunt.
373 724 460 802 Quos
483 726 633 792 tribunos
655 725 796 792 militum
819 723 910 811 (sunt
933 727 1041 790 autem
1066 723 1121 809 qui
1143 723 1206 788 hue
1229 745 1299 808 per·

153 832 281 898 tineent
302 853 439 898 numero
461 831 584 920 decem)
611 833 668 899 ubi
696 855 769 898 cum
795 833 876 917 ipsis
899 831 1086 898 consulibus
1110 831 1299 915 aequaveris

156 977 194 986 -
220 939 283 1006 hoe
306 939 392 1004 enim
416 939 489 1024 quis
512 940 565 1006 vel
588 940 734 1024 potuisse
761 939 832 1003 fieri
855 939 906 1003 rel
928 937 1050 1002 rationi
1073 937 1301 1004 convenienter

153 1045 277 1112 factum
304 1067 375 1112 esse
397 1045 590 1131 negaverit?
614 1083 655 1094 -
681 1049 812 1111 manent
835 1045 950 1112 calculi
973 1046 1049 1130 mei,
1080 1046 1108 1110 si
1132 1067 1152 1109 a
1173 1045 1300 1110 leviori-

154 1153 214 1216 bus
243 1151 435 1236 quibusdem
467 1153 563 1219 rebus
594 1154 646 1219 rel
679 1157 795 1238 suapte
813 1155 940 1217 natura
967 1151 1074 1217 dubiis
1104 1151 1300 1232 discesseris,

154 1279 288 1342 prorsus
312 1258 392 1322 recti
415 1261 511 1344 atque
530 1259 663 1344 integri,
688 1268 784 1345 atque
799 1260 879 1325 adeo
893 1259 1003 1343 paullo
1018 1257 1203 1323 distinctius
1218 1256 1300 1322 illud

154 1365 285 1449 docent,
315 1365 476 1450 quomodo
500 1389 558 1450 per
580 1367 660 1432 duas
684 1371 819 1451 aetates,
843 1366 919 1432 anni
942 1365 1070 1432 circiter
1092 1365 1156 1430 391
1181 1365 1299 1430 finibus

154 1471 324 1556 discretas,
354 1471 435 1537 certi
458 1493 648 1558 progressus
673 1474 738 1540 sint
760 1496 780 1539 e
802 1474 965 1558 paucitate
993 1473 1034 1538 ad
1057 1472 1310 1549 multitudinem,

153 1601 220 1644 non
244 1577 463 1644 consularium
486 1578 681 1646 dictatorum
704 1579 793 1646 facti.

244 1683 360 1751 Cetera
378 1706 460 1769 quae
479 1683 714 1751 aMommseno
738 1686 818 1750 mibi
837 1686 989 1770 opposite
1008 1685 1110 1765 video,
1130 1690 1299 1770 quantum·

153 1793 203 1858 vis
236 1815 294 1877 per
322 1814 355 1857 se
382 1791 549 1856 fructuose
581 1792 622 1857 ed
653 1792 769 1872 melius
802 1791 1040 1876 perspiciendae
1072 1791 1120 1855 rei
1151 1792 1300 1875 publicae

153 1900 299 1964 rationes
322 1897 582 1982 mutationesque
600 1897 781 1982 videantur,
804 1903 1006 1963 tamencum
1027 1897 1095 1962 eius
1115 1920 1197 1983 quae
1216 1921 1301 1963 cum-

155 2004 296 2069 maxime
319 2004 429 2090 agitur
451 2005 653 2088 quaestionis
675 2005 808 2070 notione
831 2027 898 2070 non
921 2008 998 2069 sunt
1021 2026 1058 2070 eo
1077 2004 1206 2072 vinculo
1225 2027 1298 2071 con-

154 2111 280 2196 iuncte,
309 2114 347 2176 ut
374 2111 415 2176 ad
441 2111 524 2177 hanc
553 2112 760 2196 potissimum
787 2110 999 2177 dirimendam
1026 2111 1165 2190 valeant.
1213 2111 1299 2178 Nam

153 2219 295 2302 primum
319 2217 447 2302 quidem
470 2217 582 2284 Livius
606 2220 673 2285 sive
697 2223 845 2285 accurate
873 2224 906 2284 et
933 2243 950 2284 e
978 2242 1056 2308 vero
1084 2219 1122 2283 de
1151 2219 1211 2302 leqc
1232 2240 1300 2283 con-

153 2325 309 2391 sularium
332 2326 537 2408 leqendmem,
561 2349 643 2411 quae
662 2327 727 2391 iam
748 2349 767 2390 a
786 2327 943 2411 principio
959 2325 1150 2407 obtinuerit,
1173 2326 1300 2389 rettulit

154 2430 228 2496 1.ss
251 2453 277 2496 c.
298 2433 349 2516 18,
380 2432 446 2496 sive
470 2434 688 2517 posteriorum
716 2437 885 2498 auctorum
907 2431 958 2497 rel
980 2431 1094 2496 fraude
1117 2431 1168 2495 vel
1192 2451 1300 2496 errore

154 2539 307 2623 deceptus
331 2539 371 2604 ad
395 2540 624 2624 antiquitatem
645 2540 816 2605 transtulit
842 2539 927 2624 quod
954 2539 1142 2604 recentioris
1170 2537 1300 2602 demum

155 2645 272 2710 aetatis
305 2667 395 2712 more
426 2645 669 2710 increbruisset:
703 2645 781 2729 quid
811 2645 845 2708 id
877 2645 917 2710 ad
948 2645 1054 2728 ipsam
1086 2643 1298 2728 posteriorem
1314 2666 1336 2706 x

94 2813 96 2816 ,
155 2755 298 2818 aetatem
320 2752 525 2818 iudicandam
554 2752 700 2819 confert?
745 2751 829 2818 Item
858 2773 930 2817 cum
954 2772 1016 2836 ego
1038 2750 1191 2816 dixissem
1215 2751 1301 2816 circe

155 2881 276 2925 annum
306 2883 336 2926 u.
363 2881 388 2924 c.
412 2859 478 2924 434
507 2858 609 2926 videri
638 2881 724 2925 nova
756 2859 816 2942 leqe
848 2858 958 2944 aliqua
991 2857 1031 2923 ad
1063 2859 1237 2942 pristinam
1268 2857 1301 2922 in

155 2967 300 3032 creandis
324 2966 538 3032 dictatoribus
562 2966 769 3032 severitatem
790 2965 931 3031 reditum
956 2986 1035 3049 esse,
1058 2967 1173 3031 contra
1195 2965 1302 3050 dispu-

155 3077 229 3138 tans
253 3072 473 3139 Mommsenus
498 3073 712 3158 commodius,
739 3072 897 3158 quamde
922 3072 994 3156 leqe,
1025 3071 1064 3136 de
1093 3073 1198 3138 senati
1227 3095 1301 3138 cou-

155 3180 241 3246 sulto
270 3181 408 3266 cogitari
437 3185 488 3246 set
515 3203 592 3246 sene
622 3179 837 3264 probabiliter
868 3179 1093 3244 ratiocinatur:
1126 3201 1237 3245 verum
1265 3184 1302 3244 ut

154 3290 264 3350 tomen
286 3307 327 3350 ne
349 3286 412 3351 hoc
435 3287 564 3372 quidem
589 3287 629 3351 ad
652 3291 738 3350 recte
762 3277 1010 3351 existimandam
1033 3309 1099 3352 non
1121 3285 1301 3350 consularis

156 3390 299 3455 hominis
315 3391 450 3458 Minucii
473 3393 666 3457 dictaturam
685 3392 785 3456 ullam
804 3393 869 3456 vim
888 3392 1022 3457 habeat:
1045 3415 1105 3457 neo
1123 3393 1210 3456 enim
1229 3413 1300 3474 pro-

155 3495 241 3562 lecto
269 3496 365 3563 huius
393 3498 572 3564 dictaturae
600 3499 731 3583 gravior
758 3497 933 3563 insolentie
960 3499 1011 3582 fit,
1043 3499 1070 3562 si
1097 3519 1163 3562 non
1187 3497 1300 3582 alege

155 3603 279 3687 populi,
303 3604 359 3668 sed
383 3627 402 3668 a
426 3605 530 3670 senati
553 3605 701 3670 consulto
725 3609 813 3680 certa
832 3625 913 3689 quae
931 3607 1008 3688 post
1026 3615 1146 3669 annum
1164 3604 1230 3668 433
1253 3604 1300 3670 in·

157 3709 260 3775 valuit
282 3709 480 3777 consuetudo
504 3711 668 3795 repetitur.
708 3711 798 3796 Ergo
821 3710 857 3775 hi
880 3711 943 3776 duo
967 3710 1214 3796 argumentandi
1236 3711 1300 3776 loci

156 3838 230 3882 cum
253 3816 293 3881 ad
316 3838 368 3882 res
393 3818 598 3884 secundariae
622 3817 667 3903 (h.
683 3841 709 3884 e.
727 3819 762 3883 in
784 3818 846 3884 bae
865 3819 1053 3903 quaestione
1077 3816 1299 3902 secundarios)

156 3927 314 4008 spectent,
337 3924 409 4009 plus
433 3925 585 4009 ponderis
608 3925 710 3990 videri
728 3929 837 4010 potest
854 3925 934 3990 illud
954 3924 1082 4002 habere,
1106 3923 1191 4009 quod
1210 3945 1299 3988 caus-

156 4053 226 4096 sam
254 4031 394 4116 perspici
418 4029 638 4106 Mommsenus
668 4035 780 4115 negat,
813 4053 869 4098 cur
896 4031 952 4096 illo
980 4030 1187 4116 potissimum
1215 4053 1299 4096 enno

156 4139 220 4204 533
249 4137 331 4226 (sive
361 4159 481 4203 annum
509 4138 575 4202 534
602 4138 653 4202 vel
677 4137 742 4203 535
773 4134 995 4222 substituetis)
1023 4160 1043 4202 a
1070 4135 1300 4202 cousuetudine

156 4245 357 4311 recederetur
387 4245 454 4310 iam
491 4243 531 4309 ed
566 4244 649 4329 legis
682 4245 784 4309 vicem
821 4265 922 4329 prope
955 4243 1132 4310 accedente.
1177 4241 1300 4309 Verum

156 4353 323 4416 tamenin
346 4352 428 4437 legis
453 4351 556 4418 vicem
584 4373 622 4417 ee
649 4350 846 4416 consuetudo
875 4349 1020 4434 profecto
1049 4350 1115 4414 iam
1138 4349 1224 4416 circa
1247 4375 1299 4416 an-

156 4479 235 4521 num
257 4459 321 4522 467
347 4459 482 4544 abierat,
505 4481 577 4524 cum
600 4481 658 4543 per
680 4458 837 4542 temporis
861 4456 1003 4540 spatium
1025 4458 1098 4541 plus
1122 4479 1218 4541 quem
1242 4464 1298 4528 tri·
