3282 5076
310 362 372 426 192
455 380 602 428 'l'lTVLVS
627 379 816 428 COLVMNAE
841 381 1046 430 Rosrnsraa
1071 380 1309 428 Dx'annlanln.

307 543 503 606 quamquam
525 522 565 586 de
588 523 659 587 loco
682 522 772 588 nulla
794 523 879 588 inter
897 527 1069 608 utrumque
1089 523 1246 589 dissensio
1266 526 1325 587 est
1357 519 1450 585 ‘Sub-

306 627 398 693 ieoit'
427 635 536 694 autem
563 627 754 696 Boherellus
787 628 876 716 (narn
903 629 984 696 haeo
1011 629 1143 696 Graevii
1173 630 1272 726 verba
1299 628 1451 694 caecutiit
1529 669 1534 678 -

306 734 362 816 qui
385 734 424 798 ad
440 732 639 801 Gessendum
663 737 790 802 rettulit
803 737 975 822 Preigerus
998 738 1033 802 in
1056 760 1114 803 sua
1133 737 1173 802 ad
1187 735 1341 802 Gozzium
1359 757 1449 818 prae·

305 839 442 924 satione)
467 841 737 927 inscriptionem,
761 867 856 929 quarn
880 849 1029 910 accurate
1052 867 1125 910 eum
1148 843 1256 928 lapide
1280 839 1449 908 contulit':

306 967 403 1029 quam
431 947 480 1012 ita
503 949 551 1014 ‘ut
573 949 733 1016 infracto
762 950 867 1035 lepide
891 950 1101 1036 conspicitur'
1130 951 1198 1016 aeri
1225 948 1361 1024 incisam
1384 947 1451 1012 lau·

136 1095 140 1104 ·
267 1071 292 1108 1²
306 1053 407 1118 debili
427 1056 562 1122 oonsilio
578 1055 735 1122 Graevius
754 1057 933 1141 proposuit
960 1055 1046 1122 Nam
1066 1059 1115 1120 est
1131 1055 1192 1121 hoo
1212 1077 1288 1120 sane
1307 1055 1450 1120 omnium

307 1182 389 1244 quae
413 1161 516 1228 adhuc
539 1162 729 1246 prodierunt
756 1163 853 1248 longe
882 1163 1160 1229 accuratissimum
1189 1162 1383 1246 exemplum:
1415 1165 1451 1225 ut

306 1268 340 1332 in
364 1289 427 1352 quo
451 1269 550 1334 etiem
569 1275 718 1334 -recentes
746 1293 765 1334 a
787 1270 902 1355 priscis
930 1269 1050 1335 litteris
1079 1269 1327 1354 litterarumque
1349 1269 1449 1352 parti-

307 1373 387 1438 culis
410 1395 477 1440 non
499 1379 629 1440 tentum
652 1397 680 1440 v.
703 1375 751 1440 10.
778 1377 815 1440 11
842 1379 874 1440 et
900 1376 953 1458 12,
983 1376 1039 1440 sed
1063 1376 1162 1440 etiam
1186 1397 1214 1438 v.
1238 1376 1267 1440 3.
1291 1377 1312 1439 4
1335 1378 1450 1459 proba·

306 1479 366 1544 bili
389 1480 547 1566 oum,fide
571 1503 608 1546 ao
631 1481 802 1567 diligentia
830 1481 989 1547 discretae
1019 1481 1096 1564 sint,
1124 1483 1181 1546 ubi
1205 1481 1333 1566 quidem
1355 1483 1452 1566 plena

306 1583 610 1652 MAGISTRATOS
635 1591 667 1654 et
690 1585 943 1654 EXFOOIONT
968 1589 1125 1654 vocabula
1147 1588 1351 1654 tradiderant
1368 1589 1458 1672 prio,

306 1714 358 1757 res
382 1715 504 1759 omnes.

394 1800 445 1866 Ex
477 1801 536 1866 illo
565 1802 639 1868 inde
670 1807 816 1887 tempore
848 1827 905 1889 per
936 1827 1037 1870 annos
1065 1804 1221 1894 plurimos
1253 1803 1336 1868 nibil
1366 1802 1452 1887 quod

307 1907 408 1971 sciam
436 1907 469 1970 in
498 1906 561 1972 boo
590 1913 781 1993 argumento
809 1910 1001 1994 praestitum
1030 1915 1080 1975 est
1108 1933 1127 1975 a
1150 1932 1320 1995 quoquam
1365 1907 1452 1974 Nam

306 2013 356 2078 lo.
374 2011 406 2078 N
411 2012 529 2078 icolsi
553 2013 712 2080 Funccii
736 2016 885 2082 exiliores
909 2037 1012 2100 ouras,
1036 2039 1115 2101 quas
1140 2038 1238 2099 supra
1260 2037 1451 2080 commemo·

307 2119 391 2202 ravi,
423 2119 527 2183 sciens
558 2121 797 2203 praetermitto:
829 2143 888 2188 neo
917 2122 1023 2206 magis
1057 2122 1124 2188 sive
1153 2121 1254 2187 totius
1284 2123 1452 2188 columnae

308 2227 375 2291 sive
398 2225 496 2290 inseri
521 2225 619 2290 tionis
643 2247 681 2292 ea
703 2228 849 2312 exempla
867 2250 986 2312 moror,
1008 2249 1089 2312 quse
1103 2227 1201 2293 Floro
1222 2229 1262 2293 ab
1278 2227 1451 2293 Laurentio

307 2331 432 2418 Begero
462 2355 479 2397 e
505 2333 548 2398 'to
573 2330 769 2418 Sallustique
796 2335 905 2400 nescio
934 2321 985 2400 oiri
1008 2334 1286 2420 Rapbelingianae
1317 2335 1452 2400 editioni

308 2463 379 2506 esse
402 2439 526 2506 adiecta
550 2438 712 2504 dicuntur:
740 2461 799 2505 neo
822 2438 865 2504 M.
884 2437 992 2505 Gonr.
1015 2439 1313 2506 Nahmmaoberi
1341 2440 1452 2507 ‘Sche-

308 2547 397 2612 dium
420 2548 458 2612 de
482 2547 630 2612 columns
648 2545 807 2612 rostrata'
831 2547 911 2630 vidi,
934 2547 1024 2612 ouius
1047 2548 1118 2632 ipse
1142 2548 1338 2614 mentionem
1360 2549 1454 2614 inicit

308 2655 341 2719 in
372 2653 614 2720 Commentario
647 2652 685 2716 de
717 2652 888 2718 literatura
919 2652 1068 2718 Romana
1099 2651 1301 2738 Brunsvigee
1334 2654 1452 2719 emisso

308 2785 335 2827 a.
355 2778 577 2828 0101occnvrn
599 2782 629 2844 p.
652 2759 701 2823 10.
728 2758 992 2824 'Perversissima
1014 2759 1104 2824 tituli
1127 2760 1250 2842 speeies
1274 2764 1324 2824 est
1347 2783 1366 2824 a
1385 2759 1453 2824 Lu·

125 2929 130 2940 ,
163 2877 166 2886 ’
209 2947 215 2964 .
307 2868 445 2933 dovioo
475 2866 618 2932 Lanaio
651 2887 709 2929 suo
744 2864 783 2928 de
815 2865 927 2949 lingua
954 2866 1093 2929 Etrusca
1124 2865 1209 2929 libro
1241 2865 1364 2929 inserta
1391 2867 1454 2932 tl

171 2965 175 2974 ’
308 2996 338 3056 p.
360 2973 422 3038 113
452 2969 531 3054 (148
560 2971 607 3036 ed.
630 2971 705 3054 pr.):
739 2991 802 3054 quo
830 2969 916 3036 haud
943 2969 1054 3054 paullo
1087 2970 1229 3036 curatius
1257 2970 1452 3038 Burtonus

264 3107 267 3116 ¹
309 3077 456 3144 exhibuit
479 3078 512 3142 in
534 3076 796 3162 Antiquitatibus
820 3075 918 3142 Vrbis
947 3074 1135 3141 aSiolrlero
1159 3077 1327 3142 vernacule
1351 3080 1452 3144 versis

309 3205 339 3266 p.
358 3183 423 3248 624
443 3205 511 3268 sqq.
556 3182 723 3248 Prioribus
747 3186 856 3247 autem
879 3183 1063 3248 auctoribus
1091 3182 1272 3267 promiscue
1295 3206 1372 3250 usus
1397 3187 1453 3270 qui

309 3293 422 3356 nostra
444 3291 601 3356 memoria
623 3290 713 3356 tituli
742 3290 808 3354 suis
836 3290 1068 3374 supplementis
1096 3291 1183 3355 aucti
1210 3313 1330 3356 novum
1354 3293 1452 3377 quod·

309 3398 383 3463 dam
407 3399 589 3482 exemplum
613 3398 850 3464 commendavit
873 3395 910 3462 G.
928 3397 963 3462 F.
985 3397 1261 3464 Geornranmvs
1285 3397 1452 3464 Gramma-

309 3506 392 3570 ticae
414 3505 534 3570 latinae
558 3510 580 3570 t
599 3504 632 3570 ll
654 3528 684 3589 p.
699 3505 764 3570 494
779 3525 848 3588 sq.,.
857 3503 890 3568 id
914 3508 947 3568 et
969 3503 1003 3568 in
1021 3505 1177 3588 plurimos
1196 3505 1333 3571 aliorum
1352 3506 1452 3571 libros

309 3611 480 3678 transiisse
503 3615 536 3676 et
557 3613 757 3677 nostratibus
785 3633 870 3674 nuno
897 3610 964 3674 fere
987 3632 1046 3693 pro
1070 3611 1205 3695 limpido
1229 3612 1318 3678 fonte
1342 3633 1411 3676 esse
1435 3633 1452 3676 e

309 3741 373 3803 quo
399 3719 621 3802 inscriptionis
652 3717 822 3783 Duilisnae
846 3717 1007 3794 ,notitiam
1036 3739 1163 3782 omnem
1195 3718 1359 3798 hauriant,
1391 3717 1452 3782 hoo

310 3825 415 3911 magis
440 3824 613 3891 dolendum
637 3827 686 3888 est
710 3845 773 3908 quo
796 3824 892 3907 plura
916 3823 950 3888 in
973 3843 1011 3889 eo
1034 3822 1145 3888 insunt
1164 3827 1221 3888 aut
1239 3846 1258 3888 a
1276 3822 1452 3908 probabili-

309 3936 378 3998 tate
403 3933 490 3997 omni
519 3936 576 3997 aut
599 3930 640 3996 ab
664 3931 736 4016 ipsa
758 3929 895 3994 veritate
918 3929 1039 3996 aliena:
1070 3930 1160 3994 cuius
1184 3929 1231 3994 rei
1254 3929 1374 4014 insigni
1397 3929 1451 3992 do·

310 4043 459 4104 cumento
483 4037 545 4102 hoc
568 4040 631 4116 est,
655 4035 741 4120 quod
763 4057 970 4114 numerorum
993 4041 1089 4102 notas
1113 4037 1201 4120 illas,
1224 4036 1340 4121 quibus
1364 4035 1452 4120 ospti

310 4146 394 4210 aeris
418 4144 591 4210 multitudo
615 4143 824 4227 significatur,
847 4143 1051 4209 undevieiens
1074 4143 1197 4228 posuit,
1227 4165 1299 4208 oum
1322 4143 1454 4208 deberet

310 4253 429 4316 viciens
454 4251 561 4315 semel.
606 4249 651 4315 Et
673 4254 784 4316 tamen
805 4255 874 4315 tarn
897 4251 982 4316 male
1006 4255 1039 4314 et
1062 4273 1138 4315 suas
1161 4248 1396 4314 existimationi
1421 4251 1453 4313 et

310 4357 453 4443 sylloges
486 4379 562 4421 suae
597 4356 668 4421 fidei
696 4355 745 4422 Ιο.
773 4353 872 4422 Osse.
900 4357 1077 4422 Ounanlvs
1108 4356 1283 4439 consuluit,
1320 4359 1357 4420 ut
1388 4377 1452 4420 non

310 4463 410 4527 alium
438 4465 601 4528 auctorem
634 4463 665 4527 in
700 4463 972 4548 repraesentanda
1004 4485 1033 4527 n.
1057 4461 1120 4524 549
1149 4461 1361 4544 inscriptione
1389 4462 1453 4526 nisi
