3216 5082
328 345 392 410 546
566 361 708 411 narseus
732 361 960 412 nurnurarrs
983 360 1238 411 aercaunmcan

326 505 393 570 iam
419 504 498 570 fasc.
526 505 575 570 III
602 527 633 590 p.
657 505 739 570 XlII
762 506 842 586 [530
861 507 921 590 sq.]
950 505 1150 592 disputatum
1178 509 1240 590 est,
1274 506 1333 570 ubi
1360 527 1469 570 ueram

326 610 498 676 lectionem
520 612 719 678 firmavimus
742 634 824 697 quae
848 618 899 677 est
922 611 1070 678 MENSE
1086 648 1092 660 ·
1106 611 1342 678 {Naessum

415 933 524 998 Tertio
547 934 620 999 loco
639 937 705 998 tres
724 933 817 998 licuit
839 937 1009 999 tesseras
1033 903 1291 1019 gladiatorias
1314 954 1470 1016 promere,

326 1061 463 1124 quarum
495 1061 551 1104 eae
584 1061 666 1124 quae
699 1041 759 1104 sub
788 1039 816 1106 0
844 1045 877 1104 et
908 1041 943 1105 Ε
963 1040 1150 1106 conlocatae
1184 1043 1260 1104 sunt
1290 1039 1325 1102 in
1357 1038 1470 1102 tabula

325 1151 439 1212 nostra
465 1146 692 1232 lithographa,
723 1148 828 1212 lucem
857 1148 943 1232 quod
973 1148 1113 1212 sciamus
1139 1145 1285 1212 nondum
1311 1146 1468 1227 viderunt,
1577 1231 1578 1240 ἵ

324 1252 424 1316 tertia
437 1251 481 1334 D,
504 1274 585 1336 quae
604 1256 655 1316 est
672 1253 776 1316 musei
789 1252 984 1338 Britannici,
1007 1275 1045 1318 ex
1069 1257 1161 1336 parte
1180 1255 1308 1326 tantum
1326 1252 1469 1317 innotuit
1577 1255 1578 1306 l

325 1355 447 1422 Oeanni
470 1358 590 1422 virtute
609 1358 643 1421 in
657 1357 858 1422 Fleckeiseni
873 1359 988 1424 Annal.
1002 1358 1115 1444 philol.
1133 1363 1157 1424 t.
1171 1357 1326 1423 LXXVII
1345 1381 1373 1422 a
1386 1359 1466 1422 1858

325 1485 355 1546 p.
374 1463 453 1546 651,
485 1485 579 1548 quem
606 1485 670 1528 non
699 1465 807 1548 potuit
833 1487 899 1530 non
928 1466 1018 1548 sequi
1040 1465 1261 1531 Mommsenus
1289 1461 1324 1527 0.
1347 1463 1374 1528 I.
1387 1463 1430 1526 li.
1451 1462 1466 1526 Ι

324 1591 356 1651 p.
370 1569 436 1634 200
457 1591 489 1634 n.
505 1570 577 1636 775.
615 1569 665 1635 Ea
687 1571 789 1656 igitur
812 1571 864 1651 [cf.
883 1571 1010 1636 Ritsehl
1033 1571 1120 1636 Tess.
1139 1570 1223 1656 glatl
1247 1592 1279 1635 n.
1294 1569 1338 1634 23
1361 1570 1466 1654 ibique

323 1675 390 1740 tab.
409 1675 490 1757 IK]
515 1698 579 1742 uno
602 1698 686 1742 nuno
709 1699 803 1741 uersu
827 1677 985 1762 integrior
1011 1677 1121 1760 prodit
1148 1676 1182 1741 in
1204 1675 1289 1742 hano
1317 1677 1466 1762 speciem:

658 1843 1126 1911 ANTIOCVS

726 1994 1058 2062 sonreour

658 2107 1130 2214 sc-nn-r-rrl-ffiu'

323 2472 478 2550 Quartum
503 2475 588 2540 enim
612 2480 753 2541 tesserae
777 2477 863 2541 latus
886 2480 1017 2560 praeter
1035 2475 1312 2560 exspectationem
1330 2499 1463 2542 vacuum

323 2582 498 2666 scriptura,
530 2583 622 2647 valde
655 2583 687 2647 id
716 2585 845 2668 quidem
878 2584 1037 2669 singulari
1064 2585 1224 2668 exemplo,
1256 2585 1409 2668 apparuit
1433 2585 1464 2648 in

248 2717 309 2756 vm
323 2689 469 2773 exemplo
493 2710 644 2774 gummeo
669 2689 851 2776 (manaae
877 2689 974 2755 hodie
1003 2688 1197 2776 appellant),
1224 2689 1310 2774 quod
1333 2691 1465 2756 interce·

323 2794 418 2859 dente
441 2801 549 2861 vetere
573 2801 668 2880 atque
692 2797 827 2882 antiquo
856 2797 960 2861 amico
985 2795 1155 2862 Waltero
1179 2795 1298 2881 Perry
1328 2819 1464 2883 magnae

321 2900 371 2964 vir
394 2903 598 2967 auctoritatis
623 2902 838 2968 Guilelmus
860 2901 1044 2987 Forsyth,
1067 2904 1122 2987 qui
1144 2902 1389 2970 Britannicarum
1408 2903 1464 2968 Re·

322 3007 417 3090 ginae
442 3031 461 3072 a
484 3009 628 3073 consiliis
654 3013 718 3092 est,
741 3031 813 3073 mea
836 3011 941 3094 gratia
965 3033 984 3074 a
1003 3010 1206 3076 curatoribus
1225 3013 1328 3076 musei
1352 3011 1465 3077 libera·

321 3113 397 3176 liter
421 3099 483 3178 sibi
507 3137 694 3180 conoessum
718 3121 831 3180 neotus
854 3119 915 3180 est.
955 3115 1000 3180 Et
1023 3116 1190 3181 consimile
1213 3117 1343 3201 quidem
1362 3140 1466 3183 exem-

320 3217 410 3302 plum
435 3221 628 3286 omissorum
652 3222 820 3286 consulum
844 3226 951 3288 exstet
974 3245 1060 3308 sane,
1091 3245 1286 3309 quamquam
1311 3249 1410 3290 unum
1433 3228 1466 3291 in

205 3381 211 3394 .
320 3329 414 3391 tanta
450 3331 646 3415 tesserarum
684 3329 903 3395 multitudine:
941 3330 1027 3415 quod
1059 3335 1110 3394 est
1141 3329 1347 3396 Guascanum
1379 3334 1467 3417 illud,

236 3445 240 3454 ⁴
319 3434 519 3518 publicatum
547 3437 582 3502 in
611 3435 730 3502 ‘Musei
760 3435 937 3522 Capitolini
970 3440 1035 3501 ant.
1063 3435 1170 3502 inser?
1189 3437 1337 3522 .(Romae
1370 3441 1467 3505 editis

320 3563 348 3604 a.
369 3543 455 3606 1775
473 3543 535 3629 sq.)
558 3546 620 3610 vol.
639 3543 673 3608 Il
695 3568 726 3629 p.
745 3545 803 3609 67:

654 3711 891 3778 DIOCLES
916 3713 1119 3786 -vnolu

655 3825 1063 3930 sruounvru

655 3974 715 4078 Αῗ
735 3975 1150 4082 exsatura*

668 4125 776 4130 -.....-..-
825 4125 885 4130 ...-
973 4125 1149 4132 --—.—-.

318 4337 440 4406 Verum
459 4365 497 4408 ea
515 4347 860 4428 tessera,quamqua1n
875 4343 1055 4430 Borghesio
1076 4345 1214 4430 quidem,
1233 4343 1318 4427 quod
1337 4343 1470 4428 mirere,

317 4468 382 4511 non
406 4455 557 4533 suspecta
580 4449 685 4514 Diarii
704 4450 820 4515 Aroed.
844 4455 867 4516 t
886 4449 962 4514 LIV
985 4475 1015 4535 p.
1035 4452 1076 4516 67
1100 4449 1172 4535 (vel
1183 4449 1325 4534 Operum
1348 4451 1416 4515 vol.
1436 4451 1468 4517 II
