3246 5074
565 438 846 484 svpeoaoeuovn
870 439 916 488 1v.
1248 425 1313 489 549

165 578 248 643 bens
272 579 370 644 etiam
395 579 460 645 alia
483 585 607 646 tessera
630 584 736 646 exstat
761 581 814 662 [of.
828 580 956 645 Ritsohl
985 579 1074 646 Teos.
1097 583 1182 668 glad.
1205 607 1236 648 n.
1254 585 1311 666 25]

166 707 266 769 quam
290 686 391 750 talem
414 685 634 751 Mommsenus
658 687 751 750 finxit
774 710 804 770 p.
823 687 884 750 197
908 712 938 752 n.
956 687 1033 752 735:

647 837 822 902 HERMIA

500 1137 967 1242 sen-ouvuoouo

469 1250 904 1367 '‘eous-'Eme

164 1467 221 1532 sed
249 1467 338 1532 ouius
366 1490 432 1534 non
459 1469 582 1534 minore
609 1470 678 1534 iure
706 1469 808 1534 menti
835 1472 911 1534 tuae
940 1467 1025 1534 hano
1048 1469 1187 1553 speeiem
1209 1470 1309 1536 infor-

163 1575 284 1639 mabis:

497 1837 965 1942 senonum-ouo

540 1987 990 2103 '‘aevaeum“—

518 2137 788 2144 --..----..-
827 2135 991 2142 ...-—.-.—-—

161 2355 289 2439 quando
312 2356 347 2420 in
370 2361 518 2422 neutram
540 2361 666 2442 partem
691 2356 860 2441 quiequam
884 2355 930 2418 eis
948 2355 1145 2420 testimoniis
1164 2355 1305 2421 decerni-

161 2462 353 2546 torquibus
376 2462 472 2527 huius
497 2468 639 2528 tesserae
661 2463 780 2528 notitia
803 2461 908 2534 omnis
932 2460 1075 2544 debetur,
1099 2461 1243 2526 Bimardi
1266 2462 1305 2525 de

68 2605 73 2614 ·
162 2567 195 2631 la
223 2566 333 2632 Bastia
362 2569 395 2635 in
420 2567 668 2634 Commentariis
700 2567 886 2633 academiae
917 2567 1012 2630 inser.
1041 2565 1304 2652 Frauoogallioae

160 2679 183 2738 t.
202 2673 264 2739 XV
293 2671 335 2760 (a.
358 2673 457 2760 1743)
484 2699 516 2760 p.
533 2677 598 2740 426
628 2681 661 2741 et
682 2674 802 2739 Millini
829 2674 863 2738 in
885 2673 1050 2739 Itinerarii
1072 2673 1185 2738 Frano.
1208 2675 1304 2738 meri·

161 2781 278 2846 dional.
302 2785 324 2846 t.
342 2781 376 2846 II
399 2780 440 2869 (a.
463 2781 562 2869 1807)
585 2806 616 2866 p.
636 2784 709 2848 236.
755 2781 869 2866 Neque
894 2780 979 2846 enim
1003 2780 1158 2844 omissum
1181 2779 1304 2845 domini

159 2909 278 2952 nomen
310 2889 407 2954 aliam
438 2893 551 2954 nostra
583 2889 745 2955 sententia
777 2909 923 2954 oaussam
957 2885 1058 2952 habet
1088 2908 1185 2970 quam
1217 2887 1304 2970 quod

161 2993 295 3060 Hermia
325 2997 456 3061 omnino
484 3019 551 3062 non
583 2995 646 3061 fuit
674 3018 691 3061 e
718 2995 854 3080 privatis
884 2992 1058 3077 mancipiis
1064 3041 1073 3076 ‚
1105 2992 1161 3057 sed
1192 3015 1303 3058 servus

159 3101 317 3184 publicus.

248 3416 477 3504 Duodeviginti
497 3419 590 3483 annis
610 3421 823 3504 antiquiorem
844 3394 985 3484 aetatem
1004 3441 1043 3483 ea
1062 3423 1186 3482 tessera
1203 3421 1322 3492 testas

158 3527 225 3604 tur,
254 3543 351 3605 quam
379 3523 483 3589 adhuc
506 3547 572 3590 non
596 3525 717 3590 editam
740 3525 800 3589 sub
825 3524 852 3590 0
873 3523 1077 3588 exhibuimus
1102 3523 1156 3604 [cf.
1175 3523 1302 3590 Ritsehl

158 3627 246 3692 Tess.
270 3627 355 3711 glad.
378 3652 408 3694 n.
428 3630 447 3694 6
471 3630 580 3716 ibique
603 3632 670 3696 tab.
688 3630 779 3712 IDJ:

463 4081 468 4093 '
513 4061 630 4166 son
659 4061 688 4164 o
721 4099 775 4164 vi
804 4099 854 4163 1o
883 4061 938 4164 in

462 4211 474 4216 ’
513 4209 796 4318 fiennon*
828 4209 984 4315 eas*

155 4429 186 4493 h.
206 4451 231 4492 e.
259 4429 294 4494 P.
318 4429 468 4496 Cornelio
501 4429 640 4494 Lentulo
669 4427 726 4494 On.
754 4426 882 4494 Aufidio
910 4428 1026 4495 Oresta
1054 4427 1241 4493 oonsulibus
1270 4453 1297 4495 a.

157 4533 233 4599 683:
264 4535 353 4601 ouius
377 4537 454 4601 anni
477 4559 574 4604 unam
598 4536 662 4601 iam
686 4557 879 4602 noveramus
896 4535 1119 4602 Victorianam
1148 4533 1297 4602 aCardi-
