3216 5082
268 389 334 456 462
378 407 426 456 ns
450 407 713 456 uscmuumoas
738 407 885 467 ovinum
908 405 1040 456 aarum
1061 404 1335 486 naccummosn.

157 624 159 630 ¹
266 572 427 635 nusquam
451 552 599 637 posuisse
618 573 703 638 nego
722 551 828 616 simile
847 551 915 616 veri
934 573 1013 617 esse.
1045 550 1125 615 Eius
1145 553 1255 615 eutem
1273 549 1321 614 rei
1337 570 1414 634 pro·

267 657 423 722 babilitas
445 680 530 725 novo
555 679 625 725 esse
649 658 840 724 documento
863 658 997 743 poterit,
1025 657 1114 743 quali
1139 656 1201 721 fide
1224 656 1285 722 hos
1308 656 1414 720 libros

268 762 483 830 Sallustianos
512 766 553 831 ad
575 770 722 832 nostram
750 767 941 831 memoriam
969 765 1096 831 codices
1117 787 1180 830 ms.
1202 763 1414 849 prodiderint,

267 874 304 934 ut
327 871 381 955 qui
404 872 544 956 nullum,
573 873 601 938 si
624 871 843 938 Dietscbianis
867 872 1065 938 testimoniis
1090 873 1261 956 credimus,
1283 871 1413 936 brevio·

267 978 312 1042 ris
335 978 461 1046 formae
483 981 658 1066 vestigium
686 984 828 1066 servent,
854 980 1047 1045 tenuissima
1075 979 1246 1065 quaedam,
1279 978 1306 1042 si
1330 978 1414 1042 alios

268 1088 415 1150 auctores
435 1087 640 1152 consulimus.
677 1086 804 1171 Quippe
822 1085 894 1171 Ing.
913 1086 965 1170 50,
983 1085 1005 1151 5
1028 1085 1296 1171 diligentissimus
1314 1085 1414 1150 horno

268 1189 467 1275 Theophilus
483 1191 614 1259 (lortius
637 1195 777 1257 testatur
798 1192 833 1256 in
847 1190 1101 1276 Guelferbyteno
1120 1193 1140 1257 9
1158 1190 1228 1277 (qui
1242 1191 1414 1258 Dietschio
1457 1265 1460 1269 .

268 1301 318 1362 est
337 1320 359 1380 p
381 1300 433 1364 vel
455 1321 487 1363 n.
506 1301 548 1364 21
572 1322 603 1383 p.
624 1299 679 1384 10)
711 1303 744 1363 et
766 1297 928 1383 Lipsienai
951 1299 1135 1364 academico
1160 1299 1316 1382 scriptum
1340 1319 1414 1362 esse

268 1405 343 1470 aliis
369 1407 445 1490 olco,
477 1406 626 1489 idemque
654 1427 673 1469 a
700 1405 805 1490 prima
836 1427 934 1471 manu
967 1407 1101 1470 eundem
1134 1405 1351 1471 academicum
1379 1409 1416 1469 et

268 1510 487 1576 Heussianum
509 1511 799 1597 Memmingensem
822 1512 857 1576 in
878 1511 950 1597 Iug.
970 1513 1020 1596 12,
1039 1513 1059 1578 2
1082 1505 1246 1578 habuisse.
1289 1511 1414 1596 inquo

267 1617 351 1682 nihil
383 1618 447 1684 nisi
478 1619 553 1683 alis
586 1617 667 1683 alio
696 1618 799 1683 latere
827 1619 897 1702 ipse
924 1619 991 1684 iam
1019 1617 1149 1684 (lortius
1177 1619 1415 1704 suspicabatur,

268 1729 337 1789 tam
360 1724 393 1789 id
416 1724 560 1809 profecto
588 1725 801 1810 probabiliter
829 1747 927 1811 quam
954 1725 990 1790 in
1015 1725 1075 1790 teli
1102 1747 1218 1790 caussa
1245 1725 1414 1811 quidpiam

268 1831 355 1896 credi
379 1853 451 1896 cum
474 1833 706 1916 probabilitate
728 1837 848 1917 potest.

357 1937 393 2006 P.
414 1939 455 2002 10
474 1961 521 2022 sq.
545 1939 638 2019 [454]
663 1939 854 2022 compositis
878 1939 1033 2025 exemplis
1062 1941 1143 2006 alid
1169 1940 1294 2006 formae
1320 1939 1414 2025 potui

269 2044 427 2128 quaedam
451 2044 566 2109 addere
588 2044 854 2129 conscriptoris,
878 2045 932 2110 sed
950 2045 1170 2112 librariorum:
1194 2069 1273 2131 quoe
1293 2047 1413 2112 mirum

270 2153 320 2216 est
346 2151 380 2214 in
407 2150 549 2216 Lucretii
577 2149 659 2228 duos
687 2172 799 2216 versus
827 2151 919 2215 illam
946 2151 1123 2217 immisisse
1151 2176 1171 2217 a
1197 2153 1313 2237 quibus
1341 2175 1413 2218 eam

269 2258 333 2340 ipsi
354 2259 481 2323 numeri
504 2261 685 2344 segregant
707 2259 797 2324 atiud
814 2259 903 2324 terrr's
920 2259 988 2324 alid
1004 2260 1177 2342 reqionum
1194 2259 1220 2343 Ι,
1233 2259 1309 2342 469,
1331 2259 1415 2325 alias

269 2365 337 2429 ulid
352 2385 401 2430 res
422 2363 479 2451 lv,
497 2365 579 2430 1039
603 2367 687 2431 teste
701 2364 909 2431 Lachmanno
928 2367 1026 2450 p.4l:
1050 2388 1132 2451 quae
1146 2366 1300 2431 credibile
1314 2367 1414 2431 estin

270 2471 482 2536 scribentium
497 2473 659 2538 mentibus
673 2473 818 2538 haesisse
833 2495 850 2537 e
864 2473 966 2538 trium
975 2495 1128 2538 versuum
1142 2473 1217 2537 libri
1227 2471 1244 2537 Ι
1253 2473 1415 2558 uniusque

230 2596 255 2634 19
270 2577 346 2643 libri
365 2578 416 2644 ΙΙΙ
434 2580 667 2646 recordatione.
684 2617 722 2628 —-
739 2579 823 2646 Item
843 2580 923 2645 solis
941 2579 1084 2644 librariis
1104 2580 1251 2644 dubitare
1269 2581 1337 2646 noli
1360 2580 1414 2645 ali

269 2687 414 2752 dativum
432 2687 573 2752 tribuere
592 2708 686 2771 quem
705 2687 797 2752 video
817 2708 833 2750 e
848 2685 1009 2752 Frontone
1024 2685 1102 2751 Maii
1120 2709 1151 2770 p.
1161 2686 1226 2752 275
1242 2687 1305 2773 (ed.
1319 2685 1416 2752 Rom.

270 2815 298 2857 a.
320 2791 419 2880 1823)
449 2795 499 2858 vel
527 2817 558 2878 p.
580 2795 641 2860 186
669 2793 764 2859 Nieb.
792 2793 899 2858 afferri
925 2814 1017 2859 suam
1048 2795 1175 2876 quisquc
1205 2797 1340 2862 amcam
1368 2795 1416 2860 ali

269 2901 377 2974 accho,
399 2901 541 2984 itemque
561 2900 681 2966 eFesti
699 2901 842 2984 epitoma
861 2924 891 2984 p.
907 2902 958 2984 27,
975 2901 1015 2966 19
1040 2901 1132 2967 ‘uliae
1148 2901 1206 2966 rci'
1224 2903 1305 2967 dicit
1315 2901 1415 2967 Plac-

270 3012 320 3072 lcs
336 3027 397 3088 pro
420 3027 452 3070 eo
475 3008 622 3088 qood-ost
643 3005 700 3072 ‘cli
722 3005 798 3072 rei':
831 3007 877 3072 sic
900 3007 986 3072 enim
1009 3007 1090 3074 haec
1112 3009 1314 3093 transposita
1328 3013 1416 3074 sunt

269 3113 463 3196 rectissime,
495 3113 688 3197 praesertim
711 3135 783 3178 eum
812 3137 829 3179 e
858 3114 1059 3180 brevioribus
1087 3114 1183 3180 huius
1211 3116 1415 3199 pronominis

269 3219 384 3284 formis
407 3241 447 3284 ne
466 3219 655 3284 usitatiores
674 3220 803 3305 quidem
827 3221 900 3286 alis
925 3221 1002 3287 alid
1022 3219 1193 3286 Plautinae
1210 3221 1341 3288 fabulae
1360 3221 1415 3287 ad-

270 3326 427 3392 miserint.
473 3324 583 3391 Talem
606 3327 708 3413 igitur
731 3329 925 3413 scripturam
955 3331 991 3392 ut
1014 3329 1056 3393 ab
1079 3328 1151 3412 ipso
1175 3327 1339 3394 Frontone
1361 3328 1413 3393 vel

269 3433 367 3500 Festo
391 3433 571 3517 profectam
593 3457 660 3500 non
681 3436 800 3500 rectius
823 3439 934 3500 tueare
957 3457 1054 3520 quam
1077 3434 1112 3498 in
1130 3433 1294 3500 Ciceronis
1317 3435 1356 3499 de
1378 3456 1415 3499 re
1453 3461 1457 3466 ·

269 3541 399 3626 publica
426 3541 514 3626 I‚8,
539 3541 580 3606 13
612 3541 663 3606 bis
690 3542 856 3625 proditum
883 3540 1119 3606 nominativum
1148 3541 1310 3624 pluralem
1342 3541 1414 3626 ali,

269 3647 321 3712 rel
345 3647 386 3712 ed
410 3647 656 3713 similitudinem
678 3649 823 3714 maeatis
844 3649 964 3714 comitis
976 3648 1070 3713 Iunis
1092 3648 1271 3714 formarum
1293 3648 1414 3713 ibidem

270 3756 465 3838 scriptarum
488 3753 722 3839 (conlectarum
745 3756 780 3820 in
803 3753 924 3820 Osanni
948 3775 1082 3820 excursu
1104 3753 1169 3820 VII
1191 3778 1222 3840 p.
1240 3752 1320 3840 451)
1347 3754 1414 3819 fac·

269 3865 340 3927 tum
368 3862 513 3927 dativum
540 3861 623 3926 elis.
674 3859 818 3936 Quorum
846 3881 977 3926 casuum
1004 3861 1039 3926 in
1066 3883 1164 3926 unem
1191 3862 1204 3925 i
1231 3864 1413 3926 contracto·

269 3993 341 4035 rum
372 3967 434 4034 etsi
466 3967 626 4052 quaedam
663 3969 809 4052 exempla
845 3965 894 4050 (in
926 3967 978 4032 his
1010 3968 1118 4053 ipsum
1150 3967 1203 4032 ali
1236 3989 1254 4034 e
1284 3967 1413 4032 decreto

268 4075 402 4142 Pisano:
427 4071 526 4140 slvn
541 4111 548 4124 ·
563 4073 640 4151 QVI
652 4073 746 4139 ·ALI
760 4109 767 4122 ·
782 4071 1092 4140 MAGISTRATVS
1103 4071 1287 4162 ·ERVNT)
1310 4072 1413 4139 Lach-

270 4201 408 4248 mannus
432 4182 467 4248 in
489 4180 581 4247 Lucr.
604 4205 635 4268 p.
651 4181 719 4247 252
742 4184 775 4246 et
797 4181 862 4246 279
885 4180 1070 4247 indubitata
1091 4180 1275 4268 protulit*),
1301 4184 1413 4247 tamen

359 4427 386 4498 *)
405 4429 575 4501 Ambiguum
599 4447 657 4487 esse
680 4429 763 4487 rideo
781 4433 874 4488 utrum
897 4428 1100 4488 damnativam
1123 4447 1158 4487 an
1184 4425 1311 4486 dativum
1328 4425 1412 4484 inter·

269 4519 412 4592 protomar
430 4520 551 4590 quodie
569 4521 653 4590 longe
671 4521 828 4592 antiquiore
847 4521 932 4577 titulo
950 4521 1084 4592 scriptum
1104 4524 1147 4576 est
1165 4521 1263 4576 Ablll:
1281 4519 1412 4576 inVeua·
