3116 5066
462 353 668 401 nmonsunm
692 355 865 404 soasnvsr.
1171 341 1233 406 133

119 496 252 582 Scipionis
273 499 408 564 Barbati
432 499 466 563 f.:
490 519 600 562 rursus
624 495 746 562 HANG
761 533 768 548 ·
784 497 941 564 AEDEM
968 504 1002 565 et
1024 498 1113 566 Hoc
1127 536 1134 550 ·
1148 500 1233 566 PRO

118 605 350 671 isrllnmmianis
374 605 481 670 titulis
504 605 652 670 Romano
671 604 872 689 Reatinoque
896 611 1021 692 posta.
1040 607 1105 674 608
1129 608 1235 692 factis,

116 711 389 778 Hoc-sanavit
412 713 446 776 in
469 709 505 776 L.
529 709 690 796 Scipionis
714 709 770 776 On.
794 711 816 776 f.
839 711 896 778 Gn.
919 736 949 780 n.
973 715 1122 798 sepulcro
1148 716 1235 781 circa

116 821 209 886 abib:
229 823 398 906 utrumqne
417 823 527 885 autem
547 841 648 904 genus
663 819 881 905 coniunctum,
903 819 1023 886 Hauc
1039 857 1045 870 ·
1061 821 1180 899 QVAE
1200 826 1233 888 et

115 925 241 1012 HASCE,
263 929 296 994 in
318 927 497 993 Aletrinati
519 926 642 1011 lapide,
670 949 765 1012 quem
789 928 888 992 etiam
911 927 995 993 hanc
1019 930 1061 996 ob
1084 950 1233 994 caussam
1277 915 1282 924 l

114 1035 180 1099 eirca
203 1057 318 1102 annum
343 1035 410 1101 620
437 1035 595 1119 scriptum
624 1038 700 1099 ante
723 1035 884 1100 dicebam:
916 1057 992 1100 nam
1022 1035 1132 1120 paullo
1158 1039 1233 1120 post

113 1139 225 1208 HINOE
247 1143 346 1209 habes
370 1143 405 1208 in
428 1141 567 1208 miliario
591 1140 742 1226 Pollano,
769 1139 888 1206 ΗΑΟΕ
916 1138 1070 1206 Hauon
1097 1133 1231 1207 ΗΟΙΟΕ

111 1247 219 1315 maere
239 1249 396 1336 Bantino,
424 1255 457 1316 et
480 1250 526 1315 sic
549 1269 656 1333 porro.
702 1247 741 1313 In
764 1271 844 1333 quas
868 1249 1087 1314 successiones
1110 1247 1232 1313 vicissi-

110 1355 274 1443 tudinesque
293 1358 359 1423 iam
378 1359 549 1442 intelleges
569 1355 729 1441 quomodo
750 1352 854 1420 Halo
867 1352 1057 1441 ·VOV1u*)
1073 1358 1106 1420 et
1124 1353 1230 1420 HOC·

109 1460 254 1530 SOLVTO
277 1467 473 1531 conveniant
496 1466 605 1550 posita
629 1465 662 1528 in
682 1461 807 1528 Sorano
830 1463 935 1528 titulo.
970 1463 1022 1528 Ab
1041 1463 1102 1528 hoo
1121 1465 1231 1528 autem

107 1589 204 1652 genere
226 1572 392 1638 decurtato
417 1571 686 1657 quemadmodum
705 1569 863 1645 transitus
882 1569 1013 1654 quidam
1032 1569 1073 1634 ad
1092 1571 1230 1636 alterum

107 1677 136 1740 in
153 1677 319 1744 Aletrinati
348 1680 460 1764 fiebat,
492 1679 540 1745 ia
567 1687 679 1744 rursus
708 1679 748 1744 ab
777 1677 839 1743 hoo
867 1677 907 1742 ad
934 1677 1015 1742 illud
1046 1677 1169 1742 reditur
1195 1678 1230 1744 in

106 1781 244 1867 llapueusi
258 1786 346 1852 3569
370 1785 562 1851 Mommseni
580 1783 627 1867 [O.
642 1785 665 1851 Ι.
681 1785 716 1851 L.
734 1783 751 1850 I
769 1807 799 1850 n.
818 1784 897 1864 570]
922 1783 998 1848 anni
1017 1783 1092 1868 656,
1114 1789 1151 1848 ut
1174 1783 1230 1869 qui

104 1889 474 1958 ausen-MINISTRIS
507 1893 608 1958 societ
636 1913 708 1956 cum
740 1889 860 1956 Hauc
876 1925 882 1938 ·
897 1887 1119 1955 PONDERA:
1156 1890 1229 1956 inde

103 1999 175 2064 onim
195 2001 233 2066 ab
256 2001 318 2066 hoc
342 2005 487 2085 tempore
510 1999 769 2083 redintegratum
793 1996 1092 2082 monosyllabarum
1111 1997 1229 2064 forma·

103 2128 163 2170 rum
185 2131 275 2173 usum
303 2131 438 2193 prorsus
468 2110 674 2173 constantem
706 2106 772 2170 iam
800 2106 889 2190 leges
918 2101 1070 2170 Cornelia
1100 2104 1138 2170 de
1166 2105 1231 2170 XX

103 2217 309 2297 quaestoribus
337 2218 371 2280 et
399 2215 545 2280 Antonia
577 2214 616 2278 de
644 2212 850 2308 Termesibus
880 2215 1045 2277 testantur
1077 2233 1149 2276 oum
1181 2211 1228 2278 in·

102 2322 205 2388 secutis
227 2323 387 2388 omnibus.
428 2319 509 2386 Oum
534 2321 643 2406 aliqua
666 2319 769 2404 igitur
792 2318 988 2384 confidentia
1011 2318 1133 2383 eisdam
1156 2341 1228 2386 eou-

101 2425 174 2492 liniis
198 2407 397 2495 transeuntis
425 2451 445 2492 a
467 2427 702 2512 monosyllabis
732 2426 771 2490 ad
801 2426 978 2510 bisyllabas
1006 2427 1128 2491 formas
1156 2447 1228 2492 con-

102 2536 273 2622 suetudinis,
309 2537 350 2601 ad
383 2557 465 2620 quae
498 2535 565 2598 iam
593 2533 811 2598 Aletrinatem
839 2533 971 2596 titulum
1000 2532 1229 2620 referebamus,

101 2661 161 2705 cum
175 2641 333 2709 Lucanum
353 2642 446 2706 illum
465 2640 589 2706 tribues
608 2639 633 2706 Ι.
648 2639 684 2704 a.
699 2639 740 2704 N.
753 2663 785 2703 n.
799 2639 864 2703 299
890 2635 939 2718 [0.
953 2637 977 2702 I.
992 2636 1027 2701 L.
1045 2637 1061 2701 Ι
1080 2661 1110 2702 ιι.
1129 2639 1228 2722 1258;

100 2743 128 2810 P.
148 2745 179 2813 L.
201 2749 242 2815 M.
264 2750 302 2814 Ε.
330 2749 396 2813 tab.
420 2746 495 2811 LIX
509 2747 572 2830 Fi,
609 2747 643 2810 in
675 2769 739 2831 quo
771 2741 1227 2829 t00·MONVMENTV**)

100 2850 215 2940 lembus,
243 2861 313 2922 tum
343 2853 583 2919 Amiteminum
606 2877 637 2918 u.
656 2852 753 2936 5753,
784 2851 818 2917 in
846 2874 908 2937 quo
938 2847 1227 2917 Hocuuunv-

100 2956 208 3026 BRVM
231 2967 263 3028 et
281 2960 416 3027 HOCR·
427 2959 538 3025 LOCO
562 2960 674 3026 iuncta
691 2959 792 3024 habes
812 2981 884 3024 oum
904 2957 952 3024 IN
963 2957 1227 3023 -V1A·POPL1-

100 3063 257 3156 CAM.***)
291 3071 379 3148 Quos
404 3067 575 3153 quominus
600 3068 703 3132 altero
724 3067 781 3131 illo
800 3070 946 3151 tempore
965 3066 1106 3150 scriptos
1123 3073 1227 3153 putes,

101 3249 293 3264 ’ᾕ--ᾞ

174 3371 196 3436 *t
214 3369 394 3426 Nominctivo
420 3368 506 3424 Hunc
534 3371 611 3424 ntor:
643 3385 709 3422 nam
734 3366 860 3422 adverbii
888 3383 951 3422 cum
976 3367 1052 3436 apud
1078 3366 1227 3436 scriptores

100 3451 247 3521 biapllabsm
264 3461 323 3514 iniec
342 3459 461 3514 formam
480 3457 583 3528 legisse
602 3475 630 3512 se
649 3457 846 3512 Lachmannns
865 3457 951 3527 negat
968 3458 1041 3511 teste
1055 3458 1226 3514 Mommseno

100 3556 121 3591 u.
133 3549 283 3614 5882‚,non
302 3540 392 3617 magis
416 3564 469 3618 ego
487 3547 517 3600 in
535 3546 723 3601 monumentis
746 3563 863 3614 usquam
882 3545 991 3600 ΗΕΙΟΕ
1012 3545 1146 3616 scriptum
1164 3563 1225 3616 rep-

101 3631 416 3699 1>eri‚tametsiH1NcE
436 3637 479 3691 est
496 3635 526 3690 in
545 3633 662 3691 Pollano
681 3633 783 3704 lapide.
825 3635 915 3688 Mulio
935 3636 1029 3689 autem
1052 3635 1144 3690 minus
1166 3636 1226 3692 ficri

100 3713 157 3773 illud
177 3725 279 3794 potuit,
307 3730 340 3780 nt
363 3725 488 3796 aaroni
515 3725 683 3780 scriberetur
705 3723 734 3778 in
752 3723 802 3778 illo
821 3723 882 3793 ipso
905 3723 1122 3794 epigrammate:
1150 3725 1226 3794 qood

100 3805 157 3864 mibi
177 3813 333 3870 etiamnunc
357 3813 454 3870 videor
475 3813 505 3868 in
523 3813 609 3868 Halo
626 3843 632 3856 ·
647 3814 682 3867 El
709 3815 785 3868 recto
808 3812 990 3882 dispesonisse
1014 3812 1044 3868 in
1067 3829 1173 3883 nupera
1190 3814 1225 3869 de

101 3889 250 3959 tommano
268 3903 354 3958 titulo
373 3901 608 3958 commentatione
630 3901 668 3974 [p.
683 3903 756 3970 XVI,
776 3919 859 3972 supra
877 3919 904 3972 p.
921 3902 994 3972 110].

158 4007 196 4077 **)
223 4011 364 4081 [Ceterum
391 4026 448 4065 non
475 4009 715 4065 Mouvuuuuv
743 4009 772 4064 in
799 4007 981 4078 inscriptione
1009 4009 1079 4080 legi,
1111 4011 1143 4063 ut
1165 4009 1224 4065 illic

101 4088 201 4168 editum,
226 4101 274 4155 sed
296 4097 523 4155 MONIMENTV
547 4097 747 4154 animadvertit
769 4097 938 4153 Riischalius
965 4098 1061 4153 Enarr.
1084 4097 1141 4153 inb.
1161 4116 1182 4152 s.
1201 4116 1223 4154 s.

102 4191 122 4242 l·
135 4188 170 4237 52.
205 4187 232 4243 C.
246 4189 305 4260 W.]

148 4290 198 4362 ”a
217 4295 269 4366 [ef.
288 4295 317 4350 c.
331 4297 352 4352 Ι.
367 4295 398 4349 L.
420 4295 429 4347 1
449 4313 475 4348 n.
490 4301 570 4362 rusa
590 4295 620 4350 P.
636 4293 666 4348 L.
681 4293 717 4349 M.
732 4295 763 4349 Ε.
783 4295 841 4350 cab.
856 4293 930 4350 oxu
940 4294 976 4362 Β,
995 4294 1024 4349 in
1043 4294 1121 4350 ouius
1139 4295 1223 4351 Enar-

101 4375 192 4436 ruiione
208 4403 235 4454 p.
250 4390 283 4439 54
302 4385 372 4440 haec
386 4383 497 4453 scripsit
511 4384 691 4440 Bitschelius:
714 4383 831 4448 ‘Quodsi
849 4383 910 4452 quis
926 4383 1144 4440 Pnoxuluvu
1163 4386 1224 4456 (pro

104 4457 322 4540 PROXSVMVM)
342 4471 509 4542 scripturam
527 4472 556 4527 in
573 4475 631 4527 tam
645 4472 760 4542 antiquo
775 4475 955 4530 monumento
970 4472 1095 4542 miretur,
1113 4475 1224 4544 praeter
