3246 5082
320 344 385 410 282
643 363 690 410 oa
714 362 911 411 crariumvs
935 363 1142 412 armannus

363 503 480 570 ΒΕΔΟ
492 526 508 564 *
519 503 565 568 ΑΙ
580 539 587 553 ·
602 503 818 572 POCOLOM:
842 507 926 592 apud
943 505 1170 591 Millingcuum
1188 505 1370 573 Florentiae
1395 510 1466 575 visa

363 611 535 676 Welckero
560 611 688 696 suisque
711 613 745 677 in
768 612 880 678 diariis
905 614 946 679 ab
966 635 1003 678 eo
1023 615 1142 698 raptim
1162 614 1366 700 consignata,
1390 620 1466 700 poet

363 723 617 784 commemorata
654 740 726 784 curn
762 721 877 785 ceteris
914 720 948 784 in
985 720 1124 785 editione
1162 719 1260 784 tertia
1296 721 1465 788 enchiridii

315 817 317 824 ’
362 824 564 890 Muelleriani
588 849 617 910 p.
640 825 716 891 195:
749 827 872 892 frustra
899 851 919 892 a
946 849 997 891 me
1025 827 1170 912 quaesita
1197 828 1232 892 in
1261 849 1370 895 musco
1394 829 1464 894 Bri·

361 931 502 1014 tannico,
532 955 595 1016 quo
620 933 778 1017 perlatam
809 955 879 998 esse
902 955 967 998 una
990 955 1063 998 curn
1088 933 1463 1020 altera.Millingeniana

361 1035 595 1126 suspicabar.*)
1384 1041 1388 1048 ’

404 1145 511 1231 Atque
534 1150 572 1211 ut
594 1149 635 1213 ab
660 1171 698 1214 ea
722 1171 819 1232 quam
847 1153 1011 1234 postremo
1041 1148 1112 1214 loco
1140 1150 1234 1233 posui
1264 1149 1385 1234 patella
1412 1151 1462 1214 oi·

316 1254 395 1338 diar,
418 1275 491 1319 cum
516 1255 664 1338 quintam
688 1257 729 1321 ab
753 1257 845 1323 initio
868 1257 1012 1322 litteram
1024 1257 1214 1322 Welclrerus
1233 1257 1333 1320 talem
1352 1256 1461 1340 pinxe-

316 1360 360 1424 rit
382 1365 432 1438 ut,
456 1366 564 1426 utrum
586 1361 615 1426 Λ
636 1383 676 1426 an
702 1359 722 1426 t·
747 1364 871 1448 legerit,
893 1386 958 1429 non
978 1368 1143 1448 appareat,
1162 1365 1230 1429 iure
1250 1385 1307 1428 suo
1326 1362 1462 1428 Momm·

316 1488 412 1532 senus
446 1468 487 1532 ab
521 1467 636 1534 lahnio
668 1475 940 1536 commemoratus
972 1471 1129 1555 scriptum
1161 1493 1231 1536 esse
1263 1471 1297 1534 in
1329 1470 1462 1535 vasculo

315 1573 530 1658 BEAONAI,
562 1576 627 1659 vel,
655 1574 741 1660 quod
769 1576 878 1659 potius
907 1575 1067 1660 duxerim,
1094 1573 1285 1641 BEtOan
1313 1577 1463 1642 coniecit:

315 1681 443 1764 quando
467 1681 653 1752 incredibile
678 1681 766 1766 <lictu
790 1687 840 1746 est
863 1682 1012 1766 quotiens
1040 1681 1075 1746 in
1099 1682 1151 1746 his
1175 1683 1373 1748 brevissimis
1397 1685 1462 1767 epi-

315 1787 451 1873 graphis
484 1789 629 1873 legendis
660 1810 680 1852 a
707 1793 787 1873 quot
813 1788 892 1852 viris
920 1789 1130 1872 doctissimis,
1162 1811 1298 1873 quorum
1328 1791 1463 1856 nomina

316 1896 544 1979 supraposui,
572 1895 662 1960 miris
691 1896 795 1960 modis
823 1895 984 1959 variatum
1013 1893 1122 1980 sit.**)
1168 1895 1195 1960 Ε
1220 1897 1353 1980 reliquis
1381 1897 1459 1962 nihil

316 2001 531 2066 dubitationis
554 2003 604 2065 vel
628 1998 823 2066 VOLGANI
847 2002 896 2064 vel
920 2000 1161 2066 LAVERNAE
1184 2003 1318 2068 nomina
1341 2009 1460 2070 creant.

315 2107 384 2172 Nec
406 2108 480 2191 plus
504 2105 712 2172 SALVTES:
736 2107 945 2173 memorabile
968 2108 1000 2172 id
1025 2109 1154 2193 quidem
1179 2114 1352 2194 propterea
1375 2111 1460 2194 quod

316 2215 453 2280 alterum
478 2215 660 2299 exemplum
684 2237 699 2280 c
721 2237 779 2299 pro
802 2217 816 2278 i
837 2216 964 2280 litterae
994 2215 1092 2280 etiam
1115 2217 1149 2280 in
1173 2217 1322 2301 genetivo
1346 2218 1462 2283 tertiae

316 2321 543 2386 declinationis
569 2325 715 2387 servatae
739 2322 863 2386 accedit
885 2321 951 2406 illi,
986 2322 1070 2406 quod
1099 2326 1148 2386 est
1172 2322 1399 2390 APOLONES
1427 2326 1461 2389 in

316 2429 514 2494 venerandae
538 2431 711 2495 vetustatis
735 2451 807 2494 aere
832 2428 1018 2495 Monacensi
1043 2428 1127 2512 apud
1152 2428 1309 2495 Orellium
1327 2433 1460 2498 n.1433

309 2533 407 2616 [ol.
429 2535 463 2600 L.
486 2535 502 2599 I
526 2559 555 2602 n.
578 2538 655 2622 1873
691 2536 725 2602 P.
744 2533 779 2600 L.
798 2535 841 2602 M.
860 2535 897 2600 ll.
926 2536 991 2601 tab.
1015 2535 1119 2617 IIB].
1170 2533 1322 2620 Sequitur
1354 2537 1461 2604 KERI

314 2644 478 2728 poculum,
515 2645 566 2709 cui
598 2644 785 2710 felicissimo
819 2665 969 2708 successu
1001 2642 1077 2707 Rev.
1110 2642 1209 2707 Pater
1242 2639 1394 2709 Sccclrius
1426 2647 1460 2710 in

314 2748 401 2815 Diar.
429 2751 510 2816 Inst.
538 2751 624 2817 arch.
649 2775 676 2816 a.
698 2751 783 2816 1843
811 2773 841 2832 p.
863 2749 913 2832 72,
945 2749 1024 2813 item
1052 2748 1086 2813 in
1114 2749 1388 2815 commentatione
1421 2751 1460 2815 de

315 2857 441 2922 musivo
475 2859 696 2923 Antoniniana
727 2857 850 2922 Romae
883 2855 994 2920 eodem
1025 2877 1110 2922 anno
1144 2857 1290 2940 vulgata,
1323 2855 1362 2920 de
1396 2880 1460 2941 qua

313 2961 485 3028 Hennenns
507 2963 635 3028 rettulit
653 2962 758 3028 Diarii
777 2961 864 3026 illius
884 2984 913 3044 p.
932 2963 1002 3045 127,
1026 2962 1129 3026 lucem
1149 2962 1292 3027 admovit
1311 2985 1348 3028 or
1364 2962 1459 3028 Pauli

314 3069 451 3133 Diaconi
475 3070 525 3134 his
550 3069 670 3152 verbis,
699 3068 856 3151 excerptis
885 3090 902 3132 e
925 3066 1022 3134 Festo
1046 3089 1076 3150 p.
1098 3068 1160 3132 122
1179 3067 1235 3132 Mc
1264 3067 1309 3133 ‘ct
1336 3069 1368 3133 in
1393 3092 1459 3135 car-

314 3176 399 3241 mine
424 3175 541 3242 Saliari
565 3175 683 3242 Ceras
706 3198 838 3240 manus
862 3175 1062 3260 intellegitur
1084 3179 1214 3240 creatur
1236 3175 1360 3241 bonus'
1390 3177 1458 3242 Nec

314 3305 386 3349 meo
420 3306 515 3348 sensu
545 3283 805 3368 impretiabiliter
836 3283 869 3346 in
899 3282 1077 3346 carminum
1107 3281 1281 3347 Saliarium
1313 3283 1457 3368 reliquiis

313 3390 526 3456 Varronianis
550 3391 588 3455 de
612 3389 856 3473 1.1at.vll‚26
881 3387 1016 3454 ‘duonus
1039 3410 1131 3453 cerus
1156 3387 1201 3452 es'
1226 3390 1324 3453 verba
1346 3395 1458 3455 contra

401 3583 426 3650 *)
446 3583 531 3654 [Vide
555 3601 628 3638 nunc
653 3583 681 3639 C.
700 3583 721 3637 Ι.
741 3583 770 3636 L.
796 3582 808 3634 Ι
833 3601 857 3637 n.
877 3588 925 3648 443
958 3579 1082 3650 repperit
1108 3581 1201 3634 autem
1230 3581 1302 3637 hanc
1330 3586 1456 3651 pateram

313 3673 450 3728 Brunuim
473 3671 587 3727 medem
615 3671 644 3726 in
672 3673 767 3728 Museo
791 3671 947 3742 Campanae
971 3672 1000 3725 ct
1022 3669 1179 3725 accuratius
1204 3671 1359 3727 delineavit
1382 3669 1456 3740 (vida

312 3762 369 3816 tab.
385 3763 409 3816 X
425 3761 449 3815 G
468 3763 498 3816 et
511 3759 546 3815 cf.
561 3778 646 3831 supra
660 3779 685 3830 p.
701 3767 752 3816 266
767 3761 850 3830 adn).
863 3791 892 3801 -
909 3761 1058 3814 Praeterea
1076 3759 1141 3814 vida
1159 3759 1280 3828 quaeda
1295 3759 1456 3815 COERAE·

311 3852 455 3908 POCOLO
475 3849 515 3918 (C.
527 3851 555 3904 -Ι,
576 3850 605 3904 L.
626 3851 637 3902 l
656 3869 681 3905 n.
698 3856 746 3916 453
772 3851 888 3920 Ephem.
909 3849 995 3919 epigr.
1016 3847 1029 3901 1
1047 3854 1106 3918 μδ
1126 3867 1151 3904 n.
1168 3853 1193 3917 6)
1218 3851 1333 3903 narrata
1356 3851 1421 3903 sunt
1439 3867 1457 3903 a

312 3939 467 3996 Ritechelio
492 3939 522 3994 P.
541 3938 571 3992 L.
591 3938 626 3994 M.
647 3939 677 3992 ll.
701 3939 795 3994 Enarr.
822 3945 916 4008 p.14‚
949 3938 978 3992 in
1001 3937 1111 3992 Priscae
1134 3937 1183 3992 lat.
1208 3939 1295 4007 epigr.
1321 3939 1411 4009 suppl.
1431 3939 1456 3992 V

312 4051 339 4102 p.
359 4031 397 4084 lx
416 4047 456 4097 sq.
481 4029 510 4083 et
531 4027 619 4082 Musei
642 4028 731 4082 Rhea.
749 4030 770 4082 t.
785 4028 850 4082 XXI
869 4029 959 4096 (1866)
979 4043 1005 4095 p.
1021 4031 1072 4079 296
1087 4044 1127 4095 sq.
1147 4057 1180 4066 —
1204 4027 1315 4082 Nonum
1339 4026 1457 4083 accessit

312 4119 478 4174 AISCLAPI
488 4147 494 4159 ·
504 4115 736 4184 POOOCOLOM,
755 4116 845 4186 quoda
865 4117 927 4170 vide
941 4115 1051 4170 Priscae
1070 4115 1117 4170 lat.
1133 4115 1220 4186 epigr.
1235 4115 1361 4184 supplll
1375 4133 1401 4186 p.
1418 4115 1455 4170 lx

313 4211 342 4264 et
360 4207 394 4263 cf.
413 4207 529 4278 Ephem.
549 4206 636 4278 epigr.
656 4207 668 4259 I
687 4212 745 4276 με
764 4225 790 4260 n.
806 4212 830 4262 5.
868 4204 897 4260 C.
912 4204 970 4276 W.]

383 4296 425 4368 ⁸)
444 4296 565 4370 [Reapse
589 4295 725 4366 scriptum
749 4313 808 4350 esse
828 4295 972 4350 aaroni
997 4295 1095 4363 postea
1118 4297 1291 4364 compertum
1315 4295 1369 4359 eat;
1397 4310 1453 4361 quo

311 4390 407 4442 tamen
429 4386 541 4442 nomine
566 4385 683 4440 eandem
702 4385 847 4440 Bellonam
870 4384 951 4438 deam
977 4382 1115 4453 appellari
1139 4382 1267 4453 exposuit
1285 4381 1455 4436 ltitschelina

311 4476 342 4534 iu
359 4475 469 4532 Priscae
488 4476 537 4531 lat.
557 4473 643 4546 epigr.
664 4473 754 4543 suppl.
774 4474 800 4527 V
817 4492 843 4544 p.
860 4473 904 4527 XI.
943 4472 971 4528 Ο.
987 4473 1045 4544 W.]
