3246 5082
290 357 356 421 270
609 375 656 420 na
680 373 875 421 rrcrrnrsvs
899 371 1109 421 arrrnnsms

290 515 494 598 povblieos
533 516 738 600 povplioos
775 515 911 581 oriunda
948 515 1042 582 doeui
1080 535 1195 580 eornm.
1227 509 1265 575 de
1298 531 1439 574 monum.

290 623 392 708 epigr.
415 622 521 686 tribus
544 643 576 705 p.
594 623 637 687 36
658 626 768 708 [supra
790 647 821 708 p.
843 625 918 704 161]
939 646 986 708 sq.

380 728 433 793 Ad
457 730 710 812 componendam
738 735 865 796 tantam
893 730 1058 796 derivandi
1086 727 1342 794 controversiam
1366 745 1438 790 eon-

292 841 481 901 sentaneum
505 840 555 900 est
576 838 617 902 ab
642 838 826 922 antiquiore
854 839 959 904 forma
984 835 1174 902 Saturnus
1202 831 1342 901 nominis
1366 852 1439 915 pro-

291 943 406 1029 fioisei,
429 943 557 1028 qualern
576 945 739 1010 exstitisse
755 944 870 1009 Festus
889 943 1032 1028 prodidit
1049 943 1238 1009 testimonio
1258 962 1278 1004 a
1295 937 1438 1003 librariis

291 1052 477 1116 obscurato:
514 1051 578 1134 qui
608 1051 700 1117 deus
731 1052 770 1117 in
797 1049 1018 1116 Saliaribus
1047 1047 1236 1114 Saturnus
1267 1043 1439 1111 nomina·

291 1161 361 1222 tur.
394 1155 460 1222 Vbi
484 1155 663 1222 Satirnus
686 1157 919 1222 restituendum
943 1156 1082 1240 putabat
1099 1154 1262 1220 Antonius
1285 1151 1440 1237 Augusti-

292 1287 366 1329 nus:
399 1263 522 1330 frustra
554 1263 586 1327 id
619 1263 748 1347 quidem
781 1262 947 1329 defensum
983 1285 1003 1327 a
1029 1261 1134 1328 Tabia
1161 1259 1374 1326 Gutberletho
1401 1258 1440 1321 de

293 1371 390 1435 Saliis
414 1393 444 1454 p.
465 1371 528 1435 739
553 1371 587 1435 in
609 1369 723 1435 Poleni
745 1369 839 1434 Thes.
864 1370 963 1456 antiq.
991 1367 1103 1435 volV
1131 1368 1322 1434 manibiae
1352 1387 1440 1431 eon-

266 1477 504 1543 ttibernalis
528 1478 771 1563 reciperatus
794 1477 918 1562 formis,
942 1475 1069 1562 quando
1092 1497 1158 1540 non
1181 1475 1223 1540 ab
1242 1475 1255 1539 i
1277 1473 1317 1538 ad
1339 1494 1362 1537 u
1385 1494 1441 1548 ro·

293 1584 409 1668 celem,
442 1585 499 1650 sed
532 1586 695 1652 contraria
727 1585 780 1650 via
808 1585 849 1650 ab
877 1606 899 1649 u
927 1584 968 1649 ad
995 1585 1008 1648 i
1034 1583 1147 1668 lingua
1177 1601 1351 1667 progressa
1382 1584 1441 1644 est.

293 1692 392 1756 Aliud
413 1691 526 1778 Lipsio
549 1693 700 1778 placebat
718 1691 844 1759 Satura.
865 1715 958 1758 serm.
977 1690 1002 1770 Ι,
1021 1692 1042 1755 2
1067 1689 1260 1755 Saturnus
1284 1686 1442 1770 suadenti,

292 1799 468 1865 formatum
491 1801 614 1866 seilicet
636 1806 673 1866 ut
695 1801 915 1866 Portunnus
939 1799 971 1865 N
977 1803 1180 1884 eptunnus:
1211 1795 1441 1886 quaeformae

293 1907 402 1972 nullae
435 1911 520 1971 sunt.
571 1907 685 1992 Itaque
718 1908 935 1972 Buttmannus
962 1929 993 1992 p.
1016 1906 1056 1972 61
1092 1903 1299 1970 Satumnus
1332 1901 1442 1985 potius

293 2012 550 2096 commendabat,
574 2013 695 2078 laetum
715 2019 752 2080 ut
775 2015 951 2080 alumnus
971 2012 1201 2078 Vertumnus
1221 2008 1442 2076 Clitumnus

293 2117 513 2184 Picumnus:
537 2119 648 2204 quales
672 2124 782 2186 tamen
805 2121 927 2184 formas
951 2119 1047 2184 hodie
1070 2118 1272 2184 intellectum
1293 2119 1344 2182 est
1361 2119 1443 2180 tam·

294 2247 392 2310 quam
416 2223 455 2290 de
478 2226 585 2309 priseo
608 2226 781 2311 participio
804 2228 986 2312 praesentis
1014 2228 1145 2311 passivo
1169 2226 1282 2290 ductas
1306 2245 1376 2289 esse
1400 2222 1442 2288 ad

294 2331 539 2398 similitudinem
567 2333 732 2419 participii
760 2335 868 2420 graeei
898 2336 933 2400 in
956 2335 1074 2412 opero}
1098 2334 1258 2411 exeuntis,
1290 2332 1380 2398 velut
1404 2351 1442 2396 ex

294 2438 493 2504 alumenus
522 2446 689 2508 eontracta
717 2443 893 2508 alumnus
920 2441 1035 2508 forma.
1085 2440 1209 2505 Rursus
1233 2439 1332 2504 aliam
1354 2438 1441 2503 viam

292 2545 467 2611 Merkelius
496 2548 662 2634 ingressus
690 2549 872 2635 Prolegom.
899 2549 933 2616 in
962 2547 1070 2614 Ovidii
1097 2547 1213 2613 Festos
1240 2569 1271 2632 p.
1295 2543 1443 2610 CCXXX

292 2651 425 2719 Festum
444 2655 611 2738 scripsisse
627 2653 839 2720 Sarturnus
861 2655 1051 2738 oonieiebat,
1063 2655 1193 2720 nomine
1213 2676 1233 2717 a
1251 2651 1442 2736 serpendo

293 2757 389 2825 ducto
417 2760 500 2826 uude
528 2761 628 2825 etiam
656 2765 853 2826 sarmenta
885 2766 918 2825 et
950 2765 1103 2826 sartura
1131 2760 1164 2846 (a
1191 2759 1285 2825 nobis
1313 2757 1442 2843 quidem

295 2866 334 2930 ad
359 2867 482 2932 sarire
505 2868 639 2932 verbum
661 2869 806 2933 revocari
829 2868 976 2952 solitum)
999 2868 1212 2954 germinasse:
1236 2866 1298 2930 hoo
1312 2865 1442 2951 quidem

294 2975 501 3056 argumento,
533 2974 618 3058 quod
642 2974 725 3040 faloe
752 2976 929 3040 instmetus
954 2972 1112 3040 Saturnus
1135 2973 1343 3039 oonluoandis
1368 2993 1442 3055 sup-

294 3079 509 3165 putandisque
533 3081 704 3146 arboribus
723 3080 927 3166 praefuisset,
947 3080 1123 3147 ‘ramorum
1142 3079 1305 3146 detonsor’
1326 3076 1441 3165 (immo

296 3183 518 3270 ‘tonsor')'ob
547 3187 580 3252 id
604 3187 708 3252 dietus
732 3187 877 3254 Arnobio
900 3187 961 3272 VI,
986 3189 1036 3254 12.
1082 3187 1176 3254 Vana
1203 3187 1283 3253 haee
1311 3185 1442 3271 quidem
1579 3259 1582 3266 Δ

296 3291 406 3356 omnia
429 3297 580 3378 certoque
603 3292 813 3359 fundamento
842 3294 993 3360 carentia
1039 3291 1135 3370 Quali
1158 3292 1366 3358 fundamento
1390 3313 1441 3356 ex-

296 3403 407 3484 cerpta
435 3421 454 3464 a
481 3398 582 3464 Paulo
611 3397 756 3467 Diacono
784 3423 814 3484 p.
839 3401 904 3466 323
928 3400 971 3466 Μ.
999 3402 1110 3486 glossa
1141 3404 1240 3485 esset,
1276 3401 1340 3465 nisi
1369 3400 1443 3484 ipsa

296 3509 448 3591 corrupta
475 3509 627 3572 exstaret.
672 3504 758 3572 Nam
782 3529 854 3572 oum
878 3505 1112 3572 ‘Saterinius
1141 3505 1312 3572 Saturuus'
1342 3507 1441 3590 serip-

296 3615 366 3676 tum
396 3613 440 3677 sit
469 3613 505 3678 in
532 3611 786 3699 Guelferbytano
819 3615 937 3698 primo,
975 3612 1184 3679 Satrurnus
1216 3615 1251 3679 in
1279 3613 1443 3698 Lipsiensi

297 3717 577 3804 Berolinensique,
604 3742 713 3786 seram
738 3719 949 3787 Sateurnus
978 3721 1172 3805 scripturam
1200 3740 1347 3784 servasse
1369 3739 1442 3782 eum

297 3825 485 3892 Monacensi
513 3826 652 3892 alterum
676 3824 963 3913 Guelferbytanum
988 3825 1226 3892 Lindemannus
1254 3825 1443 3890 Muellerus·

297 3956 358 4019 que
382 3955 455 3998 eum
478 3933 541 4000 sibi
563 3938 792 4019 persuaserunt
814 3939 884 4000 tum
902 3933 1044 4020 Bergkio
1068 3933 1107 3998 de
1131 3955 1229 3999 earm.
1248 3931 1312 3999 Sal.
1335 3955 1366 4016 p,
1384 3929 1443 3996 IV.

296 4041 383 4117 Quos
411 4063 496 4106 nuno
526 4042 654 4126 quidem
682 4047 883 4128 compertum
911 4047 961 4108 est
987 4041 1073 4108 forte
1100 4041 1231 4108 fortuna
1260 4039 1300 4105 ad
1324 4039 1443 4105 sorita-

295 4151 362 4212 tem
389 4169 491 4234 prope
519 4149 706 4232 accessisse,
738 4170 835 4234 quam
866 4149 972 4234 ipsam
1000 4148 1185 4214 coniectura
1216 4145 1344 4232 assequi
1376 4167 1445 4212 non

297 4277 373 4320 sane
395 4260 580 4341 potuerunt.

384 4363 560 4431 Enimvero
587 4367 675 4430 reete
703 4363 736 4428 in
764 4365 830 4430 illis
858 4364 951 4429 libris
984 4367 1146 4430 servatam
1173 4383 1189 4427 e
1215 4363 1358 4428 litteram
1385 4362 1444 4428 ubi

296 4472 342 4538 sio
361 4471 598 4557 transposueris
618 4469 844 4555 Saeturnus,
867 4472 987 4536 leotum
1007 4472 1041 4536 in
1056 4469 1234 4536 Saliaribus
1253 4469 1305 4534 dei
1323 4489 1445 4536 nomen
