3246 5082
323 357 394 422 302*
597 374 717 423 nousrs
741 375 938 424 sarveumn
962 344 1196 424 sricmumvn.
1307 431 1312 440 ¹

217 529 223 536 “
325 538 452 602 sequar,
474 520 511 582 ut
532 540 552 582 a
574 517 762 584 novissimis
784 518 948 603 incipiam,
970 518 1004 584 in
1026 518 1184 602 primores
1207 537 1325 602 easque
1347 516 1468 603 gravis·

295 625 423 690 ssimae
446 623 600 690 desinam.
632 623 719 690 Num
738 647 820 710 quae
838 625 923 692 forte
942 625 1024 690 aliae
1043 629 1246 709 praetereas
1265 647 1346 710 quas
1360 623 1468 690 Fleck-

324 732 425 796 eiseni
448 731 619 818 diligentia
646 733 827 818 composuit
856 732 942 818 apud
970 733 1144 819 scriptores
1168 715 1346 813 exitarent,
1374 752 1468 816 quae-

223 928 225 932 Ι
323 860 394 904 rere
415 861 481 905 non
504 839 608 924 potui,
636 843 672 904 ut
694 840 745 905 cui
769 839 973 906 schediasma
1000 839 1063 905 hoc
1084 861 1194 924 omne,
1221 840 1273 906 cui
1295 860 1382 904 nunc
1404 838 1468 903 fere

322 947 460 1032 paginas
483 950 612 1012 tantum
635 946 793 1012 librorum
821 970 841 1011 a
869 969 920 1012 me
944 951 1268 1014 commemoratorum
1291 946 1407 1030 adieci,
1435 946 1470 1010 in

322 1053 459 1119 thermis
492 1050 653 1119 Carolinis
686 1053 993 1120 conscribillandum
1024 1053 1134 1139 fuerit,
1169 1076 1233 1138 quo
1266 1075 1358 1119 suam
1390 1050 1469 1117 mihi

323 1161 630 1228 commentationem
654 1162 778 1227 amicus
802 1161 1014 1226 suavissimus
1038 1163 1234 1228 tramiserat.

411 1392 501 1479 Ergo
529 1392 573 1458 M.
597 1392 705 1458 Porcii
736 1393 770 1456 in
798 1390 842 1457 M.
869 1286 995 1457 Alirrelii
1022 1390 1171 1458 Caesaris
1204 1391 1244 1456 ad
1271 1391 1469 1458 Frontonem

324 1499 464 1584 epistula
485 1523 516 1584 p.
535 1499 579 1566 54
603 1499 650 1565 ed.
673 1498 767 1566 Rom.
790 1498 870 1564 haec
892 1500 992 1565 verba
1016 1497 1077 1586 (XI
1100 1498 1237 1586 Fleck):

419 1642 474 1686 ur
491 1648 510 1676 υ
527 1643 545 1676 ι
574 1625 660 1690 dum
683 1646 722 1688 ee
745 1625 1010 1708 intem-pe‘sta
1032 1625 1105 1689 nox
1128 1621 1367 1709 praecipitat

323 1751 374 1816 vel
398 1753 444 1817 sio
468 1756 505 1817 ut
528 1751 655 1837 signavi
678 1751 713 1816 in
730 1749 918 1815 Saturnium
937 1735 1064 1814 intrant
1086 1750 1183 1834 longe
1202 1749 1470 1832 commodissime,

323 1858 374 1923 vel
402 1859 431 1923 si
458 1859 543 1923 forte
570 1860 606 1923 de
635 1857 717 1923 caet)
744 1860 842 1941 poeta
869 1856 1031 1921 adiecerat
1057 1855 1097 1920 de
1118 1855 1319 1922 Fleckeiseni
1347 1857 1470 1923 coniec-

323 1967 409 2048 tura,
431 1965 493 2029 hoc
517 1963 627 2030 modo:

381 2087 448 2169 [De
472 2088 592 2169 caelo]
617 2087 703 2152 dum
726 2108 765 2151 se
787 2084 1051 2173 intem-pieta
1072 2090 1145 2152 nox
1168 2087 1417 2174 praecipitat
1462 2107 1471 2124 ·

883 2213 913 2278 2.

412 2319 491 2406 Ipsa
518 2320 617 2385 verba
645 2315 779 2386 Catonis
798 2319 840 2393 .si
867 2319 992 2386 Plinius
1025 2319 1168 2385 servavit
1194 2317 1270 2384 Nat.
1297 2319 1374 2386 hist
1398 2320 1471 2406 VH,

326 2430 386 2494 171
413 2427 496 2495 Sili:
526 2427 658 2514 ‘quippe
686 2450 759 2494 cum
788 2428 951 2494 censorius
974 2425 1056 2492 (lato
1085 2427 1126 2492 ad
1153 2427 1256 2492 filiurn
1283 2426 1323 2492 de
1350 2426 1470 2492 ualidis

322 2557 449 2620 quoque
473 2535 733 2601 obseruationem
756 2539 793 2600 ut
812 2557 851 2600 ex
871 2534 1001 2600 oraculo
1021 2533 1130 2618 aliquo
1149 2533 1326 2618 prodiderit
1343 2533 1471 2600 sendum

321 2644 482 2709 iuuentam
499 2648 720 2726 praenotarem
742 2644 850 2734 mortes
872 2639 1099 2726 assasrpaum’,
1122 2641 1248 2728 integer
1263 2641 1471 2726 inpromptu

322 2771 433 2816 versus
457 2741 511 2815 hic
533 2753 584 2816 est
606 2746 696 2836 (Χ);Δ
1087 2738 1094 2750 ’

380 2871 516 2940 Senili'
541 2875 703 2938 iuuenta
725 2873 1024 2956 prosimu—turae
1047 2871 1184 2937 mdrtis
1208 2867 1412 2956 signumst

411 3103 486 3170 Non
505 3103 610 3169 minus
629 3103 757 3188 integer
776 3103 833 3168 ille
852 2997 912 3168 esi.
919 3103 1006 3187 apud
1020 3101 1211 3168 Diomedem
1225 3101 1241 3165 Ι
1255 3125 1285 3187 p.
1297 3101 1363 3169 358
1377 3099 1470 3190 (lX):

367 3228 492 3314 Lepus
516 3229 677 3294 multum
702 3227 826 3292 s6mni
850 3226 884 3291 ei
906 3263 928 3272 *
952 3227 1079 3293 ddfert
1101 3225 1168 3313 qui
1188 3225 1269 3292 edit
1291 3225 1418 3312 illum,

257 3389 264 3400 ·
321 3356 531 3441 transpositis
555 3377 626 3422 oum
650 3353 858 3419 Fleckeiseuo
881 3353 1033 3418 extremis
1055 3353 1145 3418 illam
1168 3352 1400 3438 editionibus,
1422 3355 1468 3418 in-

322 3467 409 3530 serto
432 3465 461 3529 ei
482 3461 681 3548 pronomine,
708 3483 772 3548 quo
796 3461 858 3526 etsi
881 3460 922 3525 ad
944 3482 1096 3526 numeros
1119 3459 1202 3524 nihil
1227 3481 1308 3546 opus
1332 3463 1391 3546 est,
1418 3464 1469 3525 ta·

321 3593 396 3636 men
418 3591 514 3656 aegre
538 3591 682 3635 caremus
706 3569 747 3634 ad
770 3567 1035 3635 consuetudinem
1058 3567 1226 3634 sermonis.

880 3694 911 3760 4.

411 3800 534 3868 ‘Paene
563 3800 707 3866 divinum
735 3798 958 3886 praeceptum'
989 3799 1070 3866 illud
1097 3796 1245 3880 Catonis,
1277 3822 1342 3885 quo
1364 3797 1469 3866 Iulius

321 3909 436 3978 Victor
464 3907 544 3974 artis
567 3906 749 3973 rhetoricae
771 3930 796 3974 c.
819 3909 834 3972 1
860 3930 891 3992 p.
913 3907 974 3972 197
1000 3905 1054 3972 Or.
1082 3907 1198 3993 utitur,
1230 3907 1298 3973 veri
1328 3907 1468 3972 similius

321 4023 372 4084 est
393 4038 450 4102 per
472 4020 645 4100 utrumque
667 4013 910 4080 hemistichium
933 4015 980 4080 sic
1002 4013 1196 4099 pertinuisse
1221 4011 1328 4101 (VII)-

294 4182 307 4221 ς
489 4163 509 4192 ν
526 4158 544 4192 2
561 4163 580 4191 υ
597 4157 615 4194 L
632 4163 652 4192 υ
673 4142 750 4206 ram
773 4141 903 4236 ta-ne,
930 4139 1049 4204 uerba
1071 4141 1294 4224 sequimur,

321 4287 418 4354 quam
443 4265 611 4332 dimidium
644 4287 772 4330 versum
809 4263 956 4350 explesse
992 4263 1156 4348 geminato
1194 4261 1323 4346 dactylo
1355 4261 1468 4327 incita-

321 4375 451 4440 tiorem:

466 4503 485 4532 υ
502 4497 520 4532 ι
537 4505 556 4532 υ
573 4497 590 4532 ι
606 4505 627 4541 μ
644 4499 661 4530 n
679 4504 698 4530 υ
725 4481 801 4544 re‘m
824 4482 924 4562 tene,
946 4477 1065 4542 uerba
1087 4469 1305 4561 sequentur.
