3116 5066
482 415 629 464 nrnvnvs
654 417 859 466 snnsnrnss.
1174 401 1238 466 163

120 552 259 636 vestigata
290 554 559 639 deprehendatur,
593 580 612 622 a
648 559 827 643 philologis
855 558 988 632 discere,
1021 579 1116 642 quam
1144 558 1236 623 fasti-

119 654 218 723 diosius
249 661 394 726 cavillari
427 661 613 748 philologos
647 666 829 748 maluerint,
860 686 878 729 e
911 663 1097 730 Schneideri
1125 666 1238 730 rivulis

119 783 178 828 suos
202 767 336 851 irrigare
359 769 483 853 agellos
507 772 660 836 contenti.
706 772 829 849 Quibus
853 777 890 838 ut
912 771 1128 855 illuddebeo,
1152 772 1237 858 quod
1353 774 1356 782 ’

117 869 208 948 douae
228 879 260 938 et
288 877 459 957 conllovont
487 877 626 944 finitima
655 901 725 944 esee
749 877 933 944 Sanscritae
950 865 1059 961 plawo
1081 878 1182 943 radici
1206 883 1239 944 et

117 974 217 1044 latinae
235 981 345 1062 plaustr
374 983 445 1048 voci
474 984 634 1069 intellexi,
661 987 709 1050 ite
733 986 774 1051 ab
798 985 919 1052 eisdem
943 987 1099 1071 percupio
1122 987 1187 1053 ulia
1205 989 1239 1052 in

117 1081 165 1148 hoc
187 1108 299 1172 genere
326 1090 451 1174 doceri,
482 1091 567 1176 quod
600 1092 746 1176 equidem
775 1115 841 1158 non
869 1093 1029 1177 potuerim
1056 1093 1120 1158 nisi
1148 1095 1239 1158 testi·

117 1192 275 1258 noniorum
298 1195 362 1260 fide
385 1197 560 1263 inlustrare
582 1203 617 1263 et
639 1200 755 1284 quibus
775 1199 950 1264 memoriae
969 1199 1086 1264 finibus
1105 1200 1237 1264 circum-

116 1297 289 1367 scriberetur
312 1304 488 1388 explorare.
521 1304 592 1381 Qua
614 1309 725 1372 tamen
742 1307 796 1373 ria
819 1328 891 1372 cum
914 1305 985 1371 fieri
1003 1309 1143 1391 nequeat
1160 1307 1238 1390 quin
1251 1323 1277 1364 ιι

117 1404 211 1472 saltem
232 1431 308 1494 pers
337 1432 432 1476 uerae
459 1413 595 1478 rationis
623 1435 725 1499 eaque
751 1436 818 1480 nou
846 1414 982 1480 minima
1004 1413 1150 1498 patefiat,
1172 1433 1237 1479 non

116 1511 231 1581 nimium
264 1517 381 1582 audere
413 1517 561 1605 videbor,
598 1543 670 1586 uum
708 1521 811 1588 multo
844 1522 938 1607 plura
970 1519 1028 1587 0v
1061 1521 1238 1605 scripturae

116 1622 255 1708 exempla,
287 1625 316 1688 si
348 1624 422 1709 plus
456 1631 739 1694 monumentorum
771 1631 966 1712 superesset,
1003 1631 1165 1712 repertum
1197 1626 1238 1691 iri

115 1723 213 1793 dixero.
267 1730 383 1807 Qualia
412 1732 523 1798 futura
556 1735 640 1818 sint,
673 1739 710 1799 ut
742 1735 898 1819 exemplis
929 1739 1021 1818 utar,
1052 1730 1237 1798 LOVOIVS

114 1827 276 1902 lOVNIOR
321 1837 492 1904 ROVINA
538 1839 750 1906 MOVTARE
792 1837 1024 1906 PROVDENS
1065 1839 1238 1905 TOVTVS

116 1935 353 2009 rusoovnuo
376 1927 524 2012 novno
548 1945 737 2012 novumn
760 1945 1008 2032 novncvnu
1030 1948 1109 2012 rom
1131 1944 1238 2011 nov-

114 2041 191 2110 thl
220 2071 277 2133 pro
309 2072 434 2116 acroam
466 2057 503 2118 nt
533 2075 599 2119 non
631 2054 806 2119 miraturus
839 2075 961 2138 essem,
998 2055 1026 2119 si
1057 2053 1238 2120 VOVRA'I'

114 2152 204 2231 potius
230 2177 324 2240 quam
352 2158 548 2242 bieyllabam
580 2181 765 2239 mensuram
794 2183 936 2246 aequans
965 2159 1176 2228 VOVERAT
1204 2161 1237 2225 in

115 2259 259 2327 versiculis
281 2264 373 2329 tituli
397 2263 589 2331 Mummiani
613 2267 768 2350 seriptum
792 2269 885 2332 esset.
923 2265 985 2331 Sed
1009 2271 1116 2332 tacere
1140 2289 1237 2352 quam

113 2360 247 2438 hariolari
269 2375 426 2454 praestat,

560 2625 771 2633 ——n--n

266 2918 268 2921 ’
384 2909 430 2981 ll.
485 2909 538 2982 De
565 2909 679 2982 titulo
707 2905 948 3002 Aletrinati*)

410 3063 531 3131 (accedit
548 3063 646 3119 tabula
664 3062 921 3133 lithographa**).).

189 3205 414 3272 Aletrinatium
447 3207 514 3272 sive
538 3207 772 3272 Aletrinatium
800 3206 930 3270 titulum
959 3205 992 3270 iu
1022 3205 1179 3271 honorem
1201 3205 1236 3271 L.
1250 3225 1289 3266 111

118 3301 246 3376 Betilieni
276 3311 310 3377 L.
334 3312 356 3378 f.
380 3312 460 3377 Vari
488 3313 611 3378 facturn
634 3335 708 3378 cum
731 3334 791 3378 uec
816 3310 929 3377 Oelrus
953 3309 1152 3394 Oittadinus,
1178 3333 1238 3376 neo

119 3407 252 3482 Gruterus
275 3442 305 3502 p.
328 3421 399 3501 171,
423 3419 443 3484 8
468 3439 662 3504 quamquem
682 3441 702 3484 a
720 3415 840 3482 Smetio
864 3421 1041 3502 acceptum,
1065 3419 1145 3484 satis
1168 3417 1239 3481 dili-

118 3523 211 3598 genter
230 3524 397 3608 ediderint,
420 3525 461 3590 ad
484 3525 653 3610 archetypi
671 3524 766 3588 fidem
790 3525 935 3608 exemplo
958 3523 1167 3610 lithographo
1191 3523 1239 3587 ita

117 3621 284 3696 imitandum
312 3631 509 3714 curavimus,
537 3635 574 3696 ut
601 3631 640 3696 de
668 3653 746 3696 vera
774 3629 912 3696 lectione
942 3629 1026 3696 nihil
1053 3631 1118 3696 iarn
1147 3630 1237 3694 dubi-

119 3789 304 3807 ——u

189 3889 212 3959 ‘l
228 3895 416 3966 [Prooemium
430 3893 530 3950 indicia
544 3893 700 3950 scholarum
714 3893 891 3949 hibernarum
901 3893 1088 3950 Bonnensium
1103 3907 1237 3947 annorum

117 3969 301 4038 cnlocccuu
320 3987 350 4040 et
366 3983 440 4050 nnn
469 3999 525 4038 una
543 3999 605 4038 oum
624 3986 831 4052 programmate
850 3981 1010 4038 academico
1030 3981 1153 4038 eiusdem
1171 3977 1238 4033 anni

118 4067 173 4118 1852
186 4066 226 4124 ‘de
239 4071 359 4128 miliario
373 4071 531 4142 Popillieno
545 4072 635 4140 deque
650 4072 851 4142 epigrammate
866 4071 983 4126 Sorano’
995 4070 1070 4126 foras
1084 4069 1181 4122 datium
1197 4070 1239 4122 est

116 4148 231 4214 inlibello
246 4160 437 4216 'Monumenla
451 4160 633 4231 epigraphica
650 4160 711 4216 tria
741 4159 864 4216 Berolini
885 4159 964 4214 1852’
985 4157 1083 4214 addita
1100 4155 1237 4228 singulari

116 4235 274 4312 idecriptione
298 4251 367 4306 hac:
398 4249 452 4304 ‘De
480 4249 563 4304 titulo
586 4249 737 4304 Aletrinati
765 4249 981 4305 commentarius
1008 4247 1039 4302 F.
1067 4245 1235 4302 Ritschelii'.

118 4323 175 4384 Vide
190 4349 257 4392 nnnc
275 4338 303 4395 Ο.
322 4339 343 4392 1.
362 4339 394 4393 1..
413 4337 466 4392 ln.
484 4343 564 4404 nee,
583 4337 613 4392 P.
628 4337 658 4392 L.
674 4339 711 4392 M.
726 4337 758 4392 Ε.
772 4339 829 4394 tab.
845 4337 980 4392 Llcht
993 4335 1089 4390 Euarr.
1103 4353 1131 4406 p.
1146 4341 1180 4390 lo
1195 4353 1235 4404 sq.

117 4415 140 4468 u
156 4423 210 4486 ¹⁰⁶³
228 4427 261 4483 u.
282 4425 460 4481 ‘sursum’
484 4429 551 4480 meu
570 4445 598 4497 p.
618 4431 661 4482 u.
703 4426 731 4481 o.
751 4425 808 4497 uu]

174 4507 211 4578 ”l
227 4513 345 4584 [Tabula
362 4513 402 4568 Vl
420 4513 519 4568 eadem
536 4517 581 4570 est
598 4517 683 4584 atque
704 4513 733 4569 P.
753 4513 782 4570 L.
802 4511 838 4566 hl.
858 4512 889 4568 hl.
908 4513 964 4569 tuh.
984 4513 1002 4568 1.
1040 4513 1069 4569 0.
1088 4513 1146 4585 W.]

971 4601 1024 4656 11*
