3216 5082
255 443 301 491 ns
324 442 586 494 nacnmlmosn
611 443 757 504 ovinam
780 441 909 491 ιιιιιιι
932 439 1208 491 asconurmoss.
1252 417 1316 487 467

264 587 402 654 Omnino
431 593 539 654 autem
567 588 787 654 vocativum
818 609 884 654 non
912 587 976 652 nisi
1008 586 1193 672 imprudens
1224 583 1318 650 omisi

176 717 273 780 supra
291 719 320 782 p.
339 699 377 762 17
394 697 474 779 [460
484 698 555 782 sq.],
577 697 634 762 ubi
652 696 764 781 paullo
783 695 909 780 plenius
929 694 1086 760 debebam
1105 717 1170 760 rem
1190 713 1318 760 omnem

175 803 221 868 sic
245 805 429 890 complecti,
453 809 490 870 ut
512 826 530 869 e
553 808 661 869 vetere
684 803 898 869 declinatione
922 825 1022 868 unum
1045 823 1155 868 casum
1179 801 1318 866 dicerem

173 911 208 976 in
232 913 303 976 sola
326 912 488 996 scriptura
510 911 671 994 haesisse,
700 910 937 976 nominativum
960 907 1132 992 Corneli,
1159 908 1239 972 duos
1263 930 1318 973 an-

172 1021 240 1083 tem
263 1041 330 1084 non
353 1019 387 1082 in
411 1018 572 1102 scriptura
594 1021 736 1102 tanturn,
760 1017 816 1081 sed
839 1016 873 1080 in
896 1016 968 1100 ipsa
990 1015 1104 1100 lingua
1127 1015 1319 1100 perstitisse,

174 1125 229 1208 qui
262 1127 337 1188 sunt
370 1124 540 1209 genetivus
573 1121 730 1190 Corneli
762 1127 796 1188 et
827 1120 983 1189 Corneli
1016 1121 1198 1188 vocativus:
1234 1122 1320 1186 inter

174 1251 255 1313 quos
278 1230 341 1296 boc
363 1233 490 1295 tantum
513 1230 710 1296 discriminis
733 1229 916 1314 intercedit,
946 1229 1031 1314 qnod
1054 1230 1239 1325 genetivum
1262 1251 1318 1315 po-

174 1340 262 1401 stera
285 1338 399 1402 saltem
423 1342 513 1403 aetas
538 1336 714 1405 Cornelii
742 1338 914 1404 substituit
936 1359 1049 1422 reapse
1073 1361 1093 1402 a
1116 1335 1318 1404 Cornelius

174 1443 318 1528 ductum,
342 1445 525 1510 vocativum
549 1443 730 1512 Cornelis
758 1446 856 1531 longe
884 1465 961 1510 sane
990 1445 1092 1529 prior,
1130 1446 1187 1511 sed
1210 1451 1320 1511 tamen

173 1551 307 1617 inventa
322 1550 526 1618 Cornelius
549 1553 655 1618 forma
674 1557 749 1638 post
735 1553 845 1637 terlbr,
868 1553 959 1637 coepi
960 1552 1118 1638 tquidem
1133 1553 1320 1636 adsciscere,

172 1659 315 1742 perferre
337 1683 514 1746 numquam
537 1664 596 1746 pot
597 1661 655 1725 uit
632 1660 736 1724 tta
753 1658 913 1724 Prisciani
937 1657 1146 1743 quidemVII
1164 1681 1195 1742 p.
1206 1659 1319 1725 7391).

173 1767 248 1852 301,
266 1768 310 1832 20
327 1767 369 1833 H.
393 1767 539 1852 exempla
563 1767 692 1850 Virgilic
714 1766 869 1830 Mercurie
896 1763 991 1830 facile
1019 1769 1155 1849 apparet
1182 1764 1257 1828 ab
1247 1785 1318 1849 rpso

172 1871 249 1937 ficta
273 1895 357 1939 esse:
388 1875 443 1940 sed
467 1873 605 1960 quodp.
625 1873 686 1938 741
709 1871 744 1938 P.
773 1872 847 1958 305,
867 1873 886 1938 8
910 1871 950 1937 H.
974 1893 991 1937 e
1015 1871 1110 1937 Livio
1133 1871 1318 1938 Andronico

173 1979 311 2066 profert,
338 1980 441 2065 filie,
471 1980 675 2046 dubitatione
699 1983 801 2045 vacet
847 1977 960 2064 Itaque
984 1979 1039 2065 qui
1062 2001 1128 2044 non
1152 1981 1248 2046 altius
1271 2003 1319 2046 re

172 2089 282 2170 petere
306 2109 435 2154 caussas
459 2087 591 2174 linguae
619 2087 762 2152 animum
790 2086 1007 2172 induxissent,
1037 2110 1104 2153 non
1127 2091 1178 2154 est
1200 2090 1318 2154 mirum

173 2194 221 2260 sic
248 2197 462 2262 statuissent
489 2199 523 2260 et
549 2195 736 2280 genetivum
764 2198 797 2258 et
825 2194 1009 2260 vocativum
1036 2193 1099 2258 fili
1132 2195 1183 2259 vel
1207 2194 1319 2262 Clodi

173 2306 377 2369 contractum
406 2327 444 2370 ex
473 2302 709 2387 antiquioribus
738 2301 862 2366 scilicet
888 2301 1001 2367 formis
1029 2300 1209 2385 trisyllabis
1237 2303 1319 2368 dice

172 2414 253 2478 rent.
299 2411 438 2476 Prorsus
468 2409 725 2474 contrafactum
753 2431 823 2474 esse
852 2410 951 2474 etiam
983 2407 1112 2474 aliunde
1135 2409 1318 2494 conligitur.

174 2515 257 2590 Quid
282 2521 332 2582 est
355 2517 441 2582 enim
465 2539 532 2602 cur,
559 2539 641 2602 quae
668 2517 703 2581 in
727 2517 939 2582 substantivis
968 2516 1075 2582 sedem
1104 2517 1318 2582 certissimam

173 2623 288 2707 habet,
316 2623 428 2688 eadem
452 2627 485 2688 et
508 2624 649 2708 genetivi
673 2627 706 2688 et
728 2623 868 2690 vocativi
893 2621 1068 2688 declinatio
1091 2624 1320 2709 monosyllaba

172 2750 238 2794 non
267 2733 318 2794 est
344 2729 423 2794 item
456 2729 497 2794 ad
530 2729 692 2795 adiectiva
722 2729 905 2795 translata?
943 2727 991 2815 (in
1018 2751 1155 2814 quorum
1184 2753 1318 2798 numero

173 2837 299 2921 pridem
324 2840 528 2922 perspectum
556 2841 607 2902 est
634 2836 733 2902 etiam
755 2837 880 2903 Laertie
906 2835 1091 2902 habendum
1121 2858 1205 2921 esse,
1233 2837 1319 2923 qnod

172 2942 357 3009 Priscianus
381 2967 411 3029 p.
428 2945 491 3010 739
511 2945 752 3012 substantivum
770 2967 840 3010 esse
859 2941 1096 3030 argutabatur.)
1125 2942 1232 3028 Viam,
1254 2945 1319 3011 nisi

172 3051 260 3116 fallit
278 3051 397 3137 opinio,
415 3053 474 3118 illa
492 3057 677 3119 monstrant
695 3075 777 3139 quae
797 3075 895 3137 supra
912 3051 1145 3137 componebam
1159 3053 1194 3117 in
1212 3035 1318 3118 a—rius

173 3160 224 3226 vel
246 3143 327 3224 a-rss
350 3159 540 3226 desinentia
571 3159 611 3225 Ιιι
633 3159 685 3225 his
709 3159 860 3225 omnibus
884 3159 1024 3224 vidimus
1048 3159 1258 3244 antiquiores,
1281 3163 1319 3225 ut

172 3287 257 3332 nunc
280 3287 332 3332 res
356 3272 418 3351 est,
447 3273 596 3334 auctores
619 3267 739 3333 habere
761 3267 885 3333 formas
907 3267 1086 3352 longiores,
1115 3267 1318 3332 brevioribus

173 3373 357 3438 adsuevisse
382 3375 587 3440 recentiores.
626 3373 715 3458 Ergo
740 3378 797 3439 aut
814 3375 947 3440 omnino
966 3376 1058 3438 vetus
1082 3373 1197 3458 lingua
1216 3374 1320 3438 caruit

173 3479 392 3564 brevioribus,
415 3485 485 3566 aut,
509 3481 595 3565 quod
618 3503 714 3547 nemo
738 3482 801 3546 erit
819 3481 896 3566 quin
921 3481 1134 3565 amplectatur
1156 3480 1319 3563 libentius,

173 3587 207 3650 in
226 3586 293 3652 illis
312 3587 480 3654 vocabulis
499 3588 566 3652 iam
585 3586 749 3653 desierant
766 3588 932 3653 breviores
952 3609 990 3652 ea
1004 3588 1111 3650 aetate
1126 3608 1189 3670 qua
1207 3587 1318 3651 etiam·

172 3697 243 3758 tum
273 3694 428 3780 vigebant
454 3695 488 3759 in
516 3695 598 3762 aliis.
645 3695 738 3773 Quod
766 3695 823 3761 ubi
851 3693 892 3761 ad
919 3695 1059 3760 finitima
1087 3694 1120 3759 h.
1143 3715 1169 3759 e.
1197 3693 1237 3758 ad
1265 3693 1319 3758 ad·

173 3801 363 3867 iectivorum
387 3823 488 3888 genus
512 3807 645 3869 omnet
630 3803 852 3888 transtuleris,
879 3803 966 3869 hand
995 3801 1061 3868 scio
1089 3823 1131 3865 an
1159 3804 1192 3865 et
1220 3800 1318 3884 origi·

172 3931 252 3974 num
275 3913 309 3973 et
330 3911 424 3974 muta
404 3910 549 3975 ationum
572 3909 655 3976 hanc
678 3911 786 3976 animo
809 3910 986 3995 imaginem
1015 3909 1190 3974 informare
1214 3906 1318 3972 liceat.

172 4015 249 4082 Fuit
234 4016 445 4102 taliquando
470 4019 559 4082 aetas
583 4040 647 4102 qua
669 4018 703 4084 in
731 4019 763 4082 is
789 4017 853 4104 (vel
879 4039 917 4082 es
946 4015 1070 4103 potius)
1099 4015 1222 4080 exirent
1245 4035 1318 4078 cum

173 4125 414 4190 substantivat
415 4147 470 4189 um
489 4123 603 4189 adiect
580 4125 786 4190 trvaomnia.
810 4121 997 4190 Gorneles
1020 4123 1112 4189 filas
1136 4119 1317 4206 uolgares

173 4251 388 4353 egreges.
391 4227 571 4297 Snbsecuta
593 4236 643 4296 est
629 4231 713 4297 talt
699 4235 770 4297 tera
798 4235 923 4311 aetas,
912 4253 999 4316 qne
1025 4228 1178 4315 progredi
1204 4227 1319 4313 lingua

174 4338 251 4401 ad
241 4361 301 4405 ros
329 4339 387 4404 ins
416 4339 680 4404 terminationem
710 4339 830 4424 coepit,
863 4341 896 4402 et
921 4339 970 4402 ita
993 4337 1122 4422 quidem
1152 4337 1259 4420 coepit
1281 4341 1319 4401 ut
1332 4359 1359 4398 ιι

146 4441 237 4512 .init
237 4444 303 4509 ium
327 4445 368 4510 ab
392 4445 560 4514 adiectivis
588 4450 717 4532 caperet
744 4467 826 4531 quae
854 4445 953 4511 vellet
975 4467 994 4510 a
1018 4444 1231 4511 substantivis
1254 4445 1317 4510 dis-

174 4569 317 4616 cernere:
350 4575 413 4639 qno
447 4555 552 4621 evenit
583 4557 620 4620 ιιι
605 4553 751 4619 tsimul
784 4551 961 4620 Cornelis
999 4553 1084 4620 filis
1117 4553 1318 4638 uolgarios

1049 4657 1106 4715 80*
