3246 5082
271 311 337 376 292
592 327 639 374 nn
663 325 858 376 mormmvs
882 327 1095 376 nrrnnnsrrs

271 467 405 534 ΒΟΝΙΟ
420 503 427 518 ·
442 467 467 534 O
482 505 489 519 ·
504 468 530 532 L
547 469 558 553 ΙΙ
575 467 734 535 DONVM
748 503 756 519 ·
771 468 861 535 DAT
876 504 883 519 ·
898 469 1049 535 LIBENs
1065 469 1076 553 ΙΙ
1093 467 1301 552 memnon
1320 490 1416 553 quem

270 576 389 641 mixtae
413 575 606 660 antiquioris
625 577 800 661 paulloque
819 577 1008 641 recentioris
1027 575 1183 660 temporis
1201 575 1325 640 formae
1341 597 1415 640 con-

243 684 347 748 .finio
371 684 507 748 duarum
531 685 685 749 aetatium
709 684 758 748 illi
781 683 957 768 adsignant
980 684 1084 768 quode
1105 705 1208 767 nuper
1226 681 1294 746 dixi
1312 681 1417 746 Musei

269 789 347 876 phil.
378 790 480 855 nostri
508 793 531 856 t.
554 790 601 856 IX
629 814 659 876 p.
682 787 721 856 19
751 793 864 876 [supra
890 814 921 876 p.
940 791 1030 872 235}
1080 790 1283 874 Quamquam
1317 789 1415 854 etiam

270 897 365 962 alteri
389 897 516 962 cuidam
539 897 644 962 ordini
667 897 701 962 in
716 897 851 963 Ardeati
875 898 1110 983 epigrammate
1133 897 1222 962 locus
1242 901 1303 979 est,
1326 897 1415 961 utin

229 1003 332 1068 afine
357 1004 484 1070 demum
509 1004 559 1068 dei
585 1025 705 1070 nomen
729 1005 957 1089 subsequatur:
990 1001 1261 1090 quemadmodum
1288 1003 1322 1067 in
1351 1003 1415 1068 alio

269 1108 455 1176 Pisaurensi
485 1108 534 1192 [O.
552 1109 577 1176 Ι.
597 1111 631 1176 L.
655 1111 671 1175 I
694 1111 822 1196 n.168;
850 1110 884 1174 P.
903 1110 939 1176 L.
958 1109 1001 1175 M.
1019 1111 1058 1175 Ε.
1081 1110 1146 1175 tab.
1169 1107 1275 1174 XLIV
1289 1108 1332 1190 J]
1365 1114 1416 1174 est

270 1213 443 1282 CIISVLA
458 1253 464 1266 ·
480 1215 632 1282 ATILIA
646 1251 653 1265 ·
668 1213 791 1282 DONV
807 1251 813 1266 ·
829 1215 919 1280 Der
933 1251 941 1266 ·
956 1215 1112 1300 DIANE,
1144 1215 1196 1280 vel
1223 1215 1259 1281 in
1279 1216 1415 1302 Pompei

269 1321 355 1406 apud
378 1323 520 1388 Plinium
547 1322 587 1388 N.
611 1319 983 1409 H.V11‚26,27(97)
1007 1322 1118 1386 titulo:
1147 1319 1216 1388 ‘Cn
1240 1321 1416 1406 Pompeius

269 1426 409 1513 Magnus
433 1429 612 1514 imperator
636 1477 799 1495 ......
822 1432 934 1494 uotum
958 1427 1074 1492 merito
1089 1425 1276 1512 Mineruae'‚
1298 1449 1338 1493 ne
1361 1429 1416 1494 ad·

269 1536 354 1602 iecto
378 1535 507 1620 quidem
531 1535 637 1601 dedit
658 1536 768 1602 verbo.
799 1535 852 1601 Ad
871 1534 955 1621 quod
975 1535 1158 1618 exemplum
1177 1535 1277 1600 etiam
1292 1535 1415 1600 Ardeas

269 1643 440 1727 inscriptio
462 1646 577 1708 nostra
603 1643 779 1708 terminata
807 1665 877 1708 esse
904 1641 986 1726 ipsis
1009 1639 1129 1706 DONO
1145 1676 1151 1688 ·
1166 1639 1281 1706 VOTO
1306 1641 1415 1706 verbis

269 1751 385 1833 potuit,
413 1750 561 1814 similiter
584 1754 683 1835 alque
705 1751 740 1815 in
763 1751 885 1816 lamina
907 1749 1119 1814 Fabrettiana
1146 1749 1206 1813 illa
1230 1745 1278 1828 [O.
1296 1746 1321 1810 Ι.
1340 1747 1376 1812 L.
1399 1747 1416 1811 I

269 1877 299 1920 n.
318 1857 375 1940 623
412 1856 446 1920 P.
465 1857 499 1922 L.
518 1855 560 1921 M.
580 1857 618 1922 E.
645 1857 712 1922 tab.
734 1856 768 1922 II
785 1858 835 1938 E]
869 1853 1414 1923 ecclesianos-Humu-

268 1961 423 2027 MAItTE
438 1997 445 2012 ·
462 1960 648 2028 SAOROM:
679 1964 743 2029 nisi
767 1963 852 2048 quod
876 1962 1074 2047 reliquorum
1098 1960 1150 2026 hic
1174 1961 1268 2046 ordo,
1291 1965 1328 2026 ut
1349 1981 1414 2026 me·

269 2068 357 2134 dium
381 2070 487 2136 locum
511 2069 563 2134 dei
586 2092 704 2136 noman
728 2074 871 2155 occupet,
901 2069 934 2134 id
958 2069 1044 2153 quod
1067 2068 1330 2153 frequentissimo
1353 2089 1415 2133 usu

268 2176 389 2259 evenit,
413 2176 454 2241 ab
477 2175 612 2241 Ardeati
636 2178 767 2243 vasculo
790 2199 922 2262 prorsus
947 2176 1093 2242 exclusus
1117 2180 1175 2242 est

327 2280 534 2390 'Postquam
558 2284 720 2351 coloribus
744 2285 850 2368 pictas
872 2283 1058 2369 figlinorum
1087 2283 1318 2368 inscriptiones
1341 2303 1414 2366 per-

269 2394 398 2455 secutus
421 2411 507 2473 sum,
529 2413 595 2455 una
618 2395 765 2475 superest
787 2390 906 2457 nobilis
930 2394 1044 2475 patera
1065 2388 1148 2474 (sive
1166 2391 1290 2456 lancem
1308 2389 1415 2455 dicere

269 2495 436 2583 malueris)
460 2495 648 2583 Caeretana,
670 2519 737 2564 non
759 2499 887 2584 pictura
916 2499 973 2564 sed
996 2503 1115 2584 ectypo
1138 2519 1234 2582 opere
1257 2501 1291 2561 et
1314 2495 1415 2562 Sileni

267 2609 438 2688 protomen
461 2605 594 2690 barbativ
613 2609 860 2691 repraesentans
884 2609 918 2670 et
934 2606 1062 2670 litteras
1085 2604 1266 2674 circulatim
1288 2604 1414 2689 positas

267 2709 364 2776 hasce
388 2712 475 2792 [vide
498 2713 564 2778 tab.
586 2711 617 2777 X
639 2711 694 2797 fig.
716 2711 746 2776 J
764 2715 798 2777 ct
820 2713 861 2792 i]:

449 2833 577 2902 FECIT
597 2871 604 2886 ·
622 2833 827 2902 uALans
847 2869 853 2884 ·
875 2869 880 2882 ·
900 2831 1150 2899 GANOLEIVS
1170 2869 1176 2882 ·
1195 2867 1203 2883 ·
1223 2867 1230 2882 ·

268 2955 321 3022 Sic
353 2957 437 3021 enim
468 2959 646 3025 ordinanda
679 2958 837 3025 vocabula
872 2979 942 3022 esse
980 2979 1125 3023 crescens
1162 2977 1246 3042 pone
1283 2957 1414 3043 singula

266 3067 458 3147 punctorum
482 3088 644 3150 numerus,
667 3066 731 3130 nisi
749 3064 857 3146 fallor,
880 3063 1024 3149 docet*):
1047 3064 1075 3129 si
1095 3063 1191 3130 modo
1209 3065 1243 3129 in
1262 3085 1300 3130 ea
1319 3069 1413 3149 parte

264 3170 347 3235 satis
370 3171 444 3236 fidei
468 3191 636 3258 gypseum,
660 3171 745 3256 quod
762 3171 951 3237 Welckcrus
975 3172 1121 3256 possidet
1138 3171 1413 3258 lithographoque

266 3299 339 3342 meo
357 3278 583 3344 delineandum
603 3279 739 3345 comiter
761 3281 798 3342 ut
821 3279 905 3342 solet
922 3281 1078 3364 permisit,
1102 3277 1285 3362 exemplum
1303 3278 1411 3345 habet.

266 3383 352 3448 Nam
375 3407 441 3451 non
464 3387 642 3470 integrum,
663 3385 720 3449 sed
743 3384 882 3450 fractum
905 3385 1073 3450 vasculum
1096 3384 1195 3450 fuisse
1214 3407 1286 3450 cum
1305 3407 1412 3470 reper-

265 3493 336 3556 tum
364 3496 415 3556 est
442 3513 527 3556 anno
553 3491 651 3574 1834,
685 3489 847 3557 Gustavus
878 3491 1055 3558 Kramerus
1089 3495 1228 3558 testatus
1262 3497 1323 3577 est,
1355 3493 1411 3578 qui

265 3597 353 3663 illius
376 3597 499 3682 primus
524 3595 609 3681 quod
634 3595 735 3660 sciam
763 3597 962 3664 mentionem
989 3597 1067 3663 fecit
1093 3598 1129 3662 in
1152 3597 1336 3665 ‘Archaeol
1358 3597 1411 3663 In·
1441 3647 1449 3664 .

265 3701 514 3789 telligenzblatt'
534 3701 609 3766 anni
633 3700 775 3766 eiusdem
799 3724 829 3786 p.
847 3703 905 3788 44,
927 3703 983 3767 ubi
1000 3703 1035 3768 in
1053 3703 1158 3769 tribus
1177 3705 1272 3770 testis
1291 3705 1356 3770 tria
1375 3727 1410 3770 se
1501 3713 1511 3724 '

265 3809 486 3895 inscriptionis
509 3809 693 3894 fragmenta
720 3808 839 3893 legisse
866 3809 946 3874 dicit
968 3807 1068 3876 EGIT
1092 3808 1272 3878 CALENV
1295 3816 1327 3877 et
1349 3811 1410 3877 ΝΟ

265 3922 298 3982 et
320 3915 387 3982 CA.
433 3915 521 3991 Quae
543 3915 728 4002 fragmenta
750 3919 784 3980 et
807 3916 979 3983 coniuncte
1001 3917 1087 3984 inter
1110 3939 1144 3982 se
1163 3922 1197 3984 et
1219 3923 1314 3984 aucta
1336 3939 1409 4003 pro·

265 4159 395 4216 Geterum
413 4159 506 4216 editus
525 4180 597 4217 nunc
616 4164 659 4218 ast
676 4163 776 4218 titulus
794 4162 823 4217 in
843 4161 872 4218 C.
892 4163 913 4219 1.
932 4163 963 4218 L.
983 4163 995 4217 I
1013 4181 1041 4217 n.
1058 4169 1116 4232 190,
1137 4165 1361 4234 repraesentatus
1379 4163 1409 4220 in

186 4283 190 4292 ·
265 4249 294 4304 P.
315 4248 345 4304 1..
365 4250 401 4304 M.
421 4249 452 4306 E.
472 4251 620 4310 tab.LD.
658 4252 686 4308 G·
702 4251 759 4323 W.]

352 4343 379 4407 ⁸²)
404 4341 517 4412 [Postea
546 4341 720 4396 intellectum
754 4343 797 4395 est
824 4341 990 4410 simpliciter
1014 4342 1123 4395 lantum
1151 4344 1216 4411 post
1240 4341 1408 4399 CALENVS

264 4445 363 4484 nomen
382 4430 590 4499 interpunctum
611 4445 683 4496 sssa;
704 4428 737 4484 cl.
758 4429 854 4483 Enarr.
874 4447 901 4499 p.
917 4435 958 4484 lt.
996 4429 1024 4486 C.
1040 4429 1097 4500 W.]
