3216 5082
324 361 390 426 510
561 378 707 427 rrrsoaa
730 335 957 428 uarmusirs
980 377 1237 426 aaruasrurcan

323 542 442 585 nomen
465 519 565 585 fuisse
593 543 631 584 ex
660 520 724 586 alio
748 521 854 604 lapide
883 521 1086 586 intellectum
1114 523 1164 586 est
1187 543 1284 605 quem
1311 520 1417 586 habes
1445 523 1480 586 in

324 626 528 692 ‘Bullettino'
556 626 642 691 arch.
669 625 806 712 Neapol,
832 649 906 693 nov.
934 631 957 692 t.
972 625 1037 692 Vll
1058 650 1089 711 p.
1111 627 1161 710 15,
1191 627 1280 694 haud
1308 628 1426 711 procul
1459 651 1479 692 a

323 733 471 817 vestigiis
494 733 567 798 riae
589 732 740 798 Latinae:
765 755 832 799 non
854 733 909 798 ille
934 734 994 799 sub
1017 734 1085 818 diu,
1108 734 1216 799 sedin
1235 735 1377 800 cameris
1401 735 1478 798 sub

323 841 482 906 terraneis
505 841 641 906 alicuius
665 841 718 906 vel
742 843 872 907 cloacae
900 840 953 905 vel
975 842 1085 924 potius
1109 862 1211 926 aquae
1235 841 1366 924 ductus,
1396 863 1476 925 qua·

324 969 395 1012 rum
419 948 519 1012 muris
543 969 640 1032 opere
659 948 797 1013 tectorio
816 947 956 1012 induetis
975 947 1104 1012 litterae
1122 947 1275 1032 penicillo
1294 947 1476 1031 inscriptae

324 1060 400 1122 sunt
418 1056 526 1122 colore
548 1058 629 1120 atro.
662 1054 795 1119 Praeter
817 1075 888 1119 eam
912 1057 1020 1118 autem
1044 1055 1078 1118 in
1101 1076 1166 1139 qua
1187 1075 1368 1137 versamur,
1391 1053 1474 1118 eius-

324 1162 396 1226 dem
419 1161 507 1227 modi
531 1162 636 1226 altera
659 1161 829 1245 inscriptio
853 1160 1005 1245 apparuit
1031 1183 1097 1226 non
1124 1160 1158 1226 in
1185 1183 1279 1226 muro
1303 1165 1394 1226 recto
1417 1160 1475 1224 sed

324 1269 356 1332 in
381 1267 504 1332 fornice
527 1268 631 1351 picta,
655 1289 766 1332 vorum
790 1289 829 1332 ea
852 1267 968 1331 mutila
990 1267 1026 1331 in
1049 1266 1133 1332 hanc
1156 1267 1315 1351 speciem:

765 1397 950 1463 PVRG

764 1502 1044 1568 DIODOR

764 1609 942 1676 IDEM

412 1747 457 1814 Et
480 1747 598 1832 prioris
622 1746 750 1832 quidem
774 1746 864 1810 tituli
887 1745 1121 1828 interpretandi
1145 1745 1248 1810 otium
1271 1747 1371 1812 nobis
1397 1748 1475 1814 Gar-

323 1855 449 1920 ruccius
482 1855 573 1938 fecit,
605 1879 625 1920 a
652 1877 715 1938 quo
748 1853 900 1936 pleraque
932 1855 1019 1916 recte
1052 1851 1200 1936 expedita
1228 1856 1314 1916 sunt.
1362 1853 1476 1939 Neque

277 1988 311 2028 rr
327 1962 412 2025 enim
437 1982 507 2024 esse
531 1960 665 2024 dubium
688 1963 798 2044 potest
825 1959 902 2044 quin
930 1959 977 2024 sio
1000 1959 1172 2044 legendum
1195 1958 1253 2043 sit,
1284 1963 1404 2024 contra
1429 1965 1475 2025 at

324 2087 386 2150 que
414 2065 630 2130 Guidobaldio
662 2067 768 2130 visum
805 2065 861 2149 qui
898 2064 937 2128 de
969 2085 1070 2129 merrae
1099 2066 1270 2129 iatroermte
1288 2064 1477 2149 cogitabat
1571 2064 1572 2132 l

325 2172 405 2236 satis
430 2171 641 2238 mirabiliter:

483 2301 856 2382 L3OORNEL2'0

523 2410 698 2480 CINNA
729 2410 818 2478 OOS
847 2409 1029 2478 ITERam

482 2516 788 2584 PVRGATVM
818 2515 985 2582 MENSE
1013 2515 1287 2582 INTeRtalari

322 2653 385 2718 hoc
408 2657 458 2718 est
486 2652 562 2717 anni
585 2675 615 2716 u.
639 2673 664 2716 c.
689 2651 753 2716 668
782 2673 820 2717 eo
847 2659 995 2736 tempore
1022 2671 1086 2734 quo
1113 2653 1190 2734 post
1212 2646 1246 2714 0.
1264 2647 1363 2714 Marii
1388 2673 1474 2716 mor·

322 2765 402 2844 tem,
431 2783 494 2844 qua
518 2761 546 2824 is
570 2759 698 2843 inipso
727 2758 925 2842 magistratu
953 2757 1037 2824 obiit
1058 2777 1168 2821 menae
1190 2756 1358 2840 Ianuario,
1385 2780 1472 2824 novo

323 2867 459 2950 conlega
481 2861 530 2950 (L.
547 2863 682 2928 Valerio
705 2861 839 2948 Flacco)
862 2863 1006 2928 nondum
1030 2863 1117 2928 facto
1141 2887 1240 2930 unum
1263 2863 1371 2928 Roma
1394 2887 1471 2931 con—

323 2973 426 3035 sulem
448 2970 483 3034 L.
503 2968 641 3034 Cinnam
663 2967 787 3033 habuit.
820 2967 941 3043 Quodsi
961 2969 1116 3034 omissam
1134 2970 1168 3034 in
1186 2977 1471 3055 monogrammate

322 3075 351 3140 u
375 3077 503 3141 litterae
525 3076 726 3141 notationem
750 3075 908 3158 offendas,
935 3079 986 3140 est
1007 3075 1069 3140 hoc
1093 3097 1169 3141 sane
1192 3076 1303 3160 paullo
1326 3077 1470 3143 insolen-

322 3179 439 3269 tius*),
467 3181 523 3246 sed
545 3186 657 3248 tamen
684 3203 722 3246 eo
746 3182 853 3246 minus
882 3181 1033 3266 ponderis
1061 3181 1185 3247 habens
1209 3203 1273 3267 quo
1297 3182 1469 3250 faciliuee

322 3325 535 3336 ———-—.....

411 3413 437 3481 ⁴²)
460 3413 487 3468 h.
510 3429 533 3468 e.
557 3413 586 3468 in
609 3412 764 3484 lapidibus:
792 3429 858 3466 nam
887 3409 1047 3466 anummis
1073 3410 1176 3466 similia
1203 3428 1259 3466 non
1286 3411 1380 3467 aliena
1407 3429 1467 3467 esse

322 3501 509 3557 Mommsenus
531 3501 680 3558 adnotavit
702 3502 773 3557 Hiet.
797 3502 837 3556 rei
860 3517 964 3557 numm.
988 3519 1014 3570 p.
1034 3505 1094 3554 469.
1142 3499 1202 3564 Quo
1227 3503 1256 3555 et
1278 3500 1350 3554 illud
1372 3517 1465 3556 mono·

323 3608 449 3660 gramma
471 3592 671 3661 pertinetque
696 3591 755 3645 sive
773 3589 873 3644 MTEL
897 3590 955 3644 sive
973 3589 1074 3643 METL
1098 3588 1209 3644 litterae
1235 3589 1383 3660 coiugatae
1403 3595 1467 3646 sunt

322 3680 520 3748 praetermissa
538 3679 560 3732 E
580 3679 724 3746 alterutra,
744 3682 774 3733 et
791 3679 863 3733 NFL
882 3677 911 3732 in
930 3677 978 3733 CN
996 3679 1092 3746 FoLV,
1111 3683 1140 3734 et
1159 3679 1171 3731 I
1189 3677 1302 3734 litterae
1317 3677 1464 3734 omissione

322 3768 477 3839 singulares
502 3767 640 3837 ligaturae
659 3766 732 3820 NTF
756 3767 785 3820 in
804 3767 950 3836 Porrus,
973 3765 1022 3820 ΡΗ
1044 3767 1073 3821 in
1091 3767 1199 3822 Paul:
1229 3767 1266 3822 ad
1285 3767 1361 3836 quod
1378 3783 1464 3836 genus

322 3857 481 3928 elapidum
505 3855 596 3910 titulis
618 3871 706 3924 prope
725 3838 904 3912 accedunt'l'
932 3859 961 3912 et
983 3839 1014 3912 ll
1035 3873 1086 3926 pro
1110 3855 1146 3910 TI
1170 3857 1200 3910 et
1217 3855 1295 3924 INT,
1322 3872 1396 3925 quae
1419 3855 1463 3910 de

322 3947 432 4017 signavi
450 3961 538 4014 nuper
556 3943 586 3998 P.
602 3943 631 4000 L.
647 3943 684 3999 Μ.
700 3943 730 4000 Ε.
746 3943 842 3999 Enarr.
857 3965 885 4016 p.
897 3953 930 4002 72
949 3948 978 4002 et
991 3945 1116 4001 Indicum
1132 3963 1159 4016 p.
1172 3949 1235 4000 114ο
1248 3947 1313 3999 ima
1333 3975 1366 3986 -
1386 3943 1462 4000 Cote-

321 4051 381 4088 rum
402 4029 591 4101 quadruplicis
608 4047 696 4086 nexus
715 4030 822 4102 lapides
841 4033 955 4104 quidem
978 4033 1149 4104 antiquiores
1171 4051 1258 4088 unum
1280 4033 1356 4103 quod
1378 4031 1462 4088 eciam

322 4120 480 4189 exemplum
498 4121 641 4189 praestant
658 4118 736 4175 tituli
750 4120 884 4192 Campani
902 4123 932 4178 P.
952 4122 983 4178 t.
1003 4124 1039 4180 M.
1058 4123 1090 4178 Ε,
1110 4122 1166 4178 tab.
1186 4121 1312 4176 LXllIB
1331 4120 1373 4192 [Ο.
1393 4121 1413 4174 1.
1432 4121 1462 4176 L.

322 4211 379 4264 ln.
395 4209 472 4280 toth
496 4209 524 4263 in
543 4225 598 4278 quo
617 4208 713 4264 APVL
737 4210 850 4268 litterae
873 4212 902 4266 in
927 4229 1013 4266 unum
1032 4213 1203 4267 coaluerunt.
1224 4242 1256 4250 -
1276 4210 1347 4265 Vter
1369 4211 1461 4264 autem

321 4301 375 4353 hac
392 4297 602 4368 opportunitate
622 4301 654 4352 ut
672 4315 792 4354 errorem
813 4301 938 4355 indicum
957 4299 1070 4353 illorum
1089 4299 1385 4370 palaeographicomm
1404 4313 1461 4353 cor-

321 4389 424 4460 rigam:
450 4387 479 4442 in
498 4388 599 4456 quibus
618 4406 682 4444 cum
701 4389 750 4444 Ga
770 4407 924 4460 cognomen
943 4387 1022 4458 posui
1040 4407 1067 4458 p.
1085 4387 1149 4442 lltl’
1168 4387 1239 4442 med.
1259 4387 1461 4442 Mommsenum

321 4482 441 4548 secutus,
460 4477 595 4534 debebam
615 4477 708 4547 potius
727 4477 755 4532 iu
774 4479 891 4533 nexibus
909 4477 1068 4532 litterarum
1085 4494 1112 4546 p.
1130 4481 1195 4530 113·
1213 4475 1271 4530 ima
1289 4475 1336 4528 Im
1360 4475 1461 4530 addere

1380 4585 1392 4616 0
