3282 5076
578 369 832 418 oonnnuramo
857 369 969 416 Paron.
1282 351 1343 416 189

195 513 320 574 narrat.
354 507 446 584 Quod
469 509 497 572 si
521 514 571 574 est
594 511 656 594 ita,
678 533 743 576 nou
766 511 871 576 habeo
892 533 969 576 sane
988 532 1078 594 quos,
1099 513 1228 594 praeter
1245 532 1344 574 unum

196 615 337 680 tortasse
364 613 570 696 Panvinium‚
603 618 679 682 illos
710 639 780 684 esse
809 619 928 702 dicam,
958 639 1037 702 quos
1065 622 1140 682 ante
1174 639 1208 682 se
1235 617 1270 680 in
1297 617 1344 680 in-

196 722 376 787 stauranda
399 723 568 788 columnae
591 728 752 790 rostratae
774 725 982 808 inscriptione
1004 745 1135 808 operam
1159 723 1344 788 conlocasse

195 851 291 893 suam
314 827 504 894 Oiaeconius
528 829 580 894 his
604 831 710 895 verbis
734 831 895 914 significat
918 853 949 914 p.
968 831 989 894 5
1012 828 1143 916 (1812):
1170 827 1240 894 ‘nec
1259 830 1344 894 enim

194 935 278 999 mibi
301 936 371 1020 ipse
394 939 521 1000 tantum
545 956 669 1021 arrogo,
696 940 733 1000 ut
757 936 841 1020 quod
870 935 986 1001 eruditi
1014 935 1144 1019 quidam
1168 935 1243 1018 viri,
1271 958 1343 1000 eum

194 1043 232 1106 in
257 1064 294 1107 eo
317 1065 383 1106 non
410 1063 525 1125 parum
553 1042 652 1107 studii
679 1043 861 1127 posuerint,
892 1064 957 1107 non
990 1042 1069 1106 satis
1102 1041 1242 1106 feliciter
1273 1064 1342 1126 per-

193 1148 311 1213 fecisse
334 1147 493 1234 videntur,
525 1149 559 1214 id
586 1150 638 1216 vel
666 1150 775 1236 aliqua
803 1171 841 1216 ex
869 1155 961 1234 parte
991 1153 1174 1214 assecutum
1198 1171 1267 1214 esse
1292 1172 1343 1214 me

197 1255 344 1338 sperem?
390 1255 428 1320 In
453 1277 516 1340 quo
541 1256 610 1321 viro
634 1257 786 1341 quoniam
813 1279 872 1340 par
895 1259 1063 1321 accuratae
1086 1255 1250 1320 doetrinae
1274 1255 1342 1321 lau·

196 1359 361 1445 dabilique
384 1363 572 1448 diligentiae
596 1363 757 1428 modestia
780 1367 923 1448 apparet,
946 1385 1009 1448 quo
1028 1361 1101 1446 plus
1121 1363 1342 1428 similitudinis

198 1467 284 1532 inter
314 1468 418 1552 ipsius
451 1471 547 1554 atque
574 1467 677 1554 Lipsii
704 1469 877 1555 Pighiique
909 1469 1133 1553 supplementa
1166 1470 1343 1555 intercedit,

197 1595 236 1639 eo
259 1575 365 1640 minus
388 1575 483 1640 illum
507 1576 659 1642 credibile
682 1579 733 1642 est
754 1575 829 1662 hos,
856 1576 884 1640 si
908 1575 948 1640 eb
980 1576 1027 1640 eis
1050 1574 1254 1660 profecisset,
1287 1582 1343 1642 aut

197 1681 328 1746 silentio
352 1683 604 1767 praeteriturum
626 1681 727 1748 fuisse
751 1687 808 1748 aut
830 1683 877 1746 sio
900 1682 949 1746 uti
972 1680 1051 1746 feeit
1073 1684 1158 1747 tecte
1182 1682 1342 1766 signifiea-

196 1791 314 1852 turum.
345 1825 389 1836 -
422 1787 573 1856 (laterum
605 1789 712 1874 ipsum
745 1789 884 1874 lapidem
912 1811 932 1853 a
959 1786 1132 1854 Ciaeconio
1162 1789 1341 1874 inspectum

196 1915 266 1960 esse
289 1895 392 1980 ipsius
416 1897 514 1962 verba
537 1897 631 1962 fidem
655 1896 792 1962 faciunt:
816 1918 853 1961 ao
871 1895 995 1960 Romae
1017 1917 1090 1960 eum
1109 1895 1237 1980 degisse
1261 1897 1368 1962 saties

196 2006 331 2068 constat.
367 2002 437 2069 Noc
460 2003 564 2069 multo
587 2007 663 2089 post
687 2007 813 2068 erutum
837 2006 964 2068 eterra
987 2001 1120 2068 titulum
1143 2003 1184 2067 ad
1202 2003 1341 2069 seriben-
1452 2063 1453 2070 ,

196 2107 272 2173 dum
289 2111 471 2191 accessisse,
490 2111 569 2178 haee
589 2111 657 2176 eius
678 2111 774 2176 verba
793 2109 922 2176 docent:
946 2108 1037 2174 ‘llius
1057 2109 1226 2175 columnae
1244 2110 1342 2195 basis,

195 2237 252 2280 seu
275 2222 442 2300 parastata
465 2219 589 2304 potius,
619 2240 685 2283 non
708 2218 820 2301 procul
844 2218 884 2282 ab
909 2239 985 2282 arcu
1009 2213 1171 2301 Septimii,
1199 2218 1233 2282 in
1256 2217 1341 2284 Foro

193 2322 265 2406 ipso
288 2323 450 2410 Romano,
478 2325 676 2414 proximis,
694 2325 964 2409 superioribus
996 2324 1107 2389 annis
1132 2345 1149 2388 e
1173 2323 1341 2390 ruderibus

194 2429 311 2496 effossa
332 2431 416 2496 fuir!

283 2537 362 2602 Post
394 2539 454 2604 hos
485 2561 551 2604 non
587 2539 689 2605 edidit
723 2538 851 2624 quidem
887 2560 957 2604 earn
989 2536 1248 2620 inscriptionem,
1286 2539 1341 2605 sed

192 2644 349 2709 tractavit
370 2648 480 2710 tamen
503 2645 612 2730 aliqua
636 2667 674 2710 ex
696 2647 788 2728 parte
816 2643 1001 2730 formasque
1029 2645 1242 2710 notabiliores
1267 2645 1340 2710 inde

193 2751 354 2838 excerpsit
381 2773 466 2816 anno
495 2769 656 2818 croroxcv
684 2748 783 2836 (hune
810 2750 895 2816 enim
923 2751 993 2836 ipse
1016 2753 1155 2816 testatur
1177 2773 1207 2836 p.
1225 2752 1269 2816 45
1293 2752 1340 2816 ed.

193 2855 264 2942 alt.)
295 2856 450 2924 (lausve
479 2857 735 2924 crememus
765 2859 797 2922 in
826 2881 884 2924 suo
909 2858 1070 2924 ‘Trattato
1098 2858 1185 2924 della
1208 2858 1340 2944 volgare

191 2963 317 3048 lingua'
345 2965 491 3030 Venetiis
525 2989 552 3031 a
577 2983 704 3034 0101001
736 2965 877 3051 primum
913 2965 1014 3049 edito,
1051 2966 1168 3030 iterato
1186 2967 1234 3054 ¹in
1273 2967 1340 3030 eius

193 3066 309 3152 ‘Opere
342 3071 482 3137 raccolte
515 3072 557 3136 da
589 3071 755 3139 Girolamo
788 3071 894 3158 Gigli’
926 3071 1049 3137 Romae
1082 3094 1110 3136 a.
1138 3087 1340 3138 cloloccxxr.

191 3173 259 3240 Vbi
281 3199 311 3260 p.
333 3179 374 3242 12
398 3177 525 3263 ‘questa
547 3178 734 3244 inorizione'
763 3179 870 3263 inquit
899 3159 1042 3244 ‘benene'
1055 3199 1113 3261 per
1136 3177 1169 3242 la
1192 3178 1340 3264 maggior

190 3285 286 3366 parte
303 3282 420 3368 lacera,
440 3305 456 3347 e
476 3305 591 3348 manea
609 3307 666 3368 per
684 3284 714 3348 le
733 3283 872 3369 ingiurie
892 3285 943 3348 del
963 3287 1082 3368 tempo,
1104 3306 1121 3348 c
1140 3283 1222 3349 delle
1240 3283 1341 3368 ruine,

191 3388 220 3452 si
244 3411 400 3455 conserva
428 3390 507 3475 oggi
534 3390 586 3454 nel
611 3390 757 3456 Romano
781 3388 1027 3475 Campidoglio',
1054 3389 1093 3452 de
1117 3393 1261 3476 tempore
1285 3413 1338 3454 au-

191 3499 260 3558 tem
282 3497 423 3579 primum
447 3495 571 3562 inventi
595 3497 766 3563 marmoris
791 3498 837 3562 sic
860 3497 1005 3581 loquitur
1027 3519 1058 3580 p.
1077 3498 1133 3560 24:
1158 3495 1282 3580 ‘presso
1306 3496 1338 3559 al

192 3601 268 3686 qual
284 3601 509 3688 Campidoglio
532 3603 567 3668 fu
590 3603 621 3667 al
645 3607 755 3687 tempo
779 3603 812 3666 di
834 3603 940 3667 nostri
963 3602 1056 3686 padri
1080 3601 1118 3666 ed
1142 3625 1162 3666 a
1184 3604 1340 3667 memoria
1438 3645 1441 3652 -

191 3707 258 3772 mia
280 3711 412 3774 trovato
435 3709 468 3773 la
490 3709 580 3774 detta
603 3708 702 3774 base?
748 3709 819 3787 Qua
841 3709 876 3774 in
898 3709 969 3774 basi
991 3731 1069 3774 num
1092 3708 1148 3774 illo
1173 3709 1237 3773 iam
1261 3712 1339 3773 tem-

190 3837 268 3900 pore
292 3839 349 3882 eae
373 3838 454 3901 quae
483 3838 592 3881 reeens
621 3821 826 3882 accesserunt
853 3815 982 3881 litterae
1005 3817 1186 3900 insculptae
1209 3813 1339 3896 fuerint,

189 3923 441 4008 haudquaquam
468 3922 544 3988 hino
571 3945 667 4007 posse
701 3923 879 3988 existimari
907 3923 1044 4006 videtur,
1072 3923 1156 4007 quod
1180 3922 1263 3986 inter
1286 3941 1338 3984 ex-

191 4034 319 4114 cerptas
344 4052 363 4094 a
382 4027 547 4094 Oittadino
571 4029 692 4094 formas
716 4030 816 4093 etiam
835 4027 1017 4093 OLORVM
1040 4029 1120 4093 illud
1144 4031 1206 4111 est,
1230 4027 1295 4091 iam
1319 4051 1339 4091 a

190 4136 314 4220 Lipsio,
347 4159 367 4200 a
394 4135 566 4202 Ciaeconio
599 4134 709 4221 (quem
742 4136 849 4218 ipsum
876 4139 1109 4201 commemorat
1140 4131 1209 4220 ille)
1242 4139 1337 4216 atque

190 4243 275 4327 apud
300 4241 493 4308 Panvinium
518 4242 563 4306 sic
586 4241 811 4306 instauratum.

279 4345 501 4414 ECiaeoonio
525 4351 634 4414 autem
656 4350 728 4412 tota
750 4347 817 4411 fere
841 4348 948 4431 opella
969 4347 1046 4412 Itali
1070 4347 1211 4412 hominis
1236 4344 1337 4411 Grv-

189 4474 266 4520 ons
289 4474 341 4520 nn
358 4457 491 4520 Gonze
507 4454 710 4522 Pisaurensis
724 4453 851 4538 pendet,
873 4456 927 4538 qui
942 4454 1064 4520 Rornae
1083 4479 1111 4520 a.
1125 4471 1335 4521 ororocxxxv
