3116 5066
294 378 356 442 106
668 399 817 446 siranus
842 401 1058 449 uvuumuvs.

218 563 274 602 xrv
289 541 444 624 standique
468 542 567 606 verba
594 542 787 628 referantur,
815 544 966 609 decumae
990 547 1098 608 autem
1121 543 1225 628 (cuius
1248 549 1340 628 parte
1364 548 1437 610 tan·

290 649 360 710 tum
379 647 489 732 aliqua
506 647 569 713 hoc
589 649 709 713 donum
728 649 918 735 parabatur)
937 651 977 715 ad
996 671 1103 715 ueram
1121 651 1272 716 rationem
1290 652 1436 735 plenam·

289 776 350 837 qua
380 776 565 820 mensuram
596 756 771 840 exigendae
801 758 954 822 auxilium
987 757 1129 822 divinum
1164 780 1201 822 eo
1235 758 1439 841 imploretur,

289 861 374 944 quod
397 885 541 928 summae
564 863 714 949 religioni
738 864 912 930 haberetur
935 866 1044 950 aliqua
1062 865 1129 930 voti
1152 867 1243 949 parte
1266 864 1364 930 deum
1386 868 1438 931 vel
1547 855 1548 920 Ῠ

287 966 470 1033 inconsulto
490 969 652 1036 'fraudari
698 969 766 1036 Nee
795 971 896 1035 scitur
923 993 1020 1055 quam
1054 972 1103 1036 vel
1130 971 1272 1036 liberalis
1300 972 1436 1058 ingenio
1547 979 1548 986 ’

288 1077 320 1138 et
338 1074 463 1140 artibus
482 1078 603 1159 politus
624 1077 675 1142 vel
695 1099 807 1162 expers
826 1078 1007 1162 elegantiae
1026 1079 1133 1162 fuerit,
1151 1079 1203 1144 eui
1217 1080 1438 1163 componendi
1547 1069 1548 1120 1

286 1181 531 1266 epigrammatis
546 1183 713 1268 negotium
729 1185 944 1250 mandaretur.
973 1184 1176 1271 Quamquam
1190 1184 1328 1250 tamilla
1344 1185 1436 1249 rudis
1547 1179 1548 1258 J

284 1290 318 1350 et
340 1309 442 1372 paene
466 1289 601 1354 dixerim
624 1291 758 1356 cerritus
782 1303 852 1355 es'se
874 1313 941 1357 nou
959 1293 1067 1376 potuit
1085 1295 1129 1376 ut,
1153 1315 1225 1357 cum
1243 1292 1278 1356 in
1297 1291 1436 1376 reliquis

189 1428 191 1436 ·
285 1395 365 1459 satis
389 1396 471 1460 bene
496 1417 595 1479 opera
618 1397 648 1461 ei
671 1395 876 1482 processerit,
899 1397 979 1462 haec
997 1400 1107 1462 tamen
1126 1399 1211 1463 inter
1231 1421 1265 1462 se
1284 1403 1435 1463 constru-

285 1505 366 1566 eret:
389 1503 565 1568 Mummius
587 1503 641 1568 hoo
663 1505 777 1569 ιιοιιιιιιι
799 1525 831 1570 se
853 1506 928 1569 dare
949 1525 1004 1570 suo
1027 1507 1132 1570 acinco
1155 1507 1259 1570 ιιιζιιιιιι
1277 1511 1329 1588 est,
1356 1527 1434 1590 quo-

284 1609 380 1674 modo
410 1631 586 1694 numquam
615 1611 787 1696 quisquam
814 1613 1001 1676 mortalium
1028 1612 1156 1678 locutus
1180 1616 1239 1678 est.
1286 1613 1336 1676 Aa
1361 1613 1434 1678 vitii

272 1720 394 1780 ‘monet
420 1716 491 1800 ipse
519 1716 602 1781 alter
625 1738 751 1800 versus,
784 1717 834 1781 oui
864 1721 920 1782 aut
943 1718 984 1783 ad
1007 1719 1137 1804 plenam
1161 1739 1349 1784 mensuram
1368 1741 1435 1784 una

283 1823 410 1906 syllaba
433 1823 523 1893 deest
546 1826 602 1888 aut
623 1823 830 1888 foedissimus
855 1825 962 1890 hiatus
986 1827 1111 1893 insidet.
1158 1826 1232 1903 Quo
1252 1825 1300 1890 sio
1323 1834 1433 1890 trans·

282 1929 399 2012 positis
424 1930 531 1994 verbis
554 1930 609 1995 hoc
626 1951 686 2012 pro
708 1951 806 1995 usuro
833 1935 958 1998 remoto
983 1937 1016 1997 et
1039 1933 1174 1998 indulsit
1197 1931 1260 1996 sibi
1284 1930 1434 2018 Scaliger

283 2035 367 2120 quod
386 2037 421 2100 in
448 2035 510 2100 hoo
543 2057 659 2121 genero
683 2037 815 2102 minima
838 2039 932 2122 licet,
959 2061 1018 2104 nec
1042 2040 1146 2123 magis
1170 2039 1335 2104 consuluit
1361 2061 1433 2123 syn·

281 2142 357 2206 taxi.
404 2141 607 2225 Quapropter
638 2165 705 2207 non
738 2165 807 2208 esse
836 2145 969 2209 dubium
997 2150 1089 2230 puto,
1121 2146 1200 2230 quin
1227 2145 1432 2230 quadratarii

282 2247 499 2331 imprudentia
523 2248 646 2332 aliquid
676 2249 838 2314 exciderit.
884 2251 977 2326 Quod
1001 2251 1028 2316 si
1052 2252 1106 2336 qui
1131 2253 1215 2316 forte
1238 2253 1305 2317 tale
1328 2253 1432 2318 fuisse

282 2355 469 2420 coniecerit:
505 2355 555 2419 De
590 2356 717 2419 decim
753 2357 851 2421 uictor
883 2357 954 2421 tibci
989 2357 1106 2423 Ιιιιιιις
1137 2359 1283 2425 Mumius
1313 2361 1432 2426 ἀοιιιιιιι
1547 2353 1548 2430 i

281 2463 425 2528 Moribus
447 2463 600 2544 antiquas
617 2483 798 2544 pressura
819 2463 873 2528 too
894 2465 973 2529 uolt
993 2465 1150 2531 daresese.
1195 2466 1303 2531 Visam
1322 2470 1432 2533 oniaco
1547 2459 1548 2504 l

280 2591 334 2635 suo
346 2569 492 2652 perfecit:
515 2573 552 2634 ut
570 2591 721 2634 excusare
741 2570 846 2653 possit
864 2571 930 2635 uolt
947 2593 1005 2654 pro
1023 2572 1125 2636 coluit
1142 2573 1295 2656 positum,
1319 2577 1431 2638 tamen

279 2677 377 2742 tertio
400 2697 495 2740 versu
519 2676 691 2742 subiecerit
715 2679 800 2760 quod
824 2699 920 2762 quam
944 2677 1084 2742 maixime
1102 2678 1222 2763 frigeat
1241 2681 1274 2742 et
1292 2701 1429 2762 prorsus
1547 2697 1548 2700 ’

280 2789 554 2867 supervacaneum
583 2783 627 2846 sit
658 2783 697 2846 ad
727 2783 929 2850 sententiam.
975 2784 1058 2849 Vide
1085 2786 1187 2870 igitur
1209 2809 1289 2850 num
1312 2789 1430 2872 proba-

280 2889 376 2954 bilius
408 2895 441 2953 et
467 2909 618 2953 numeros
646 2892 679 2952 et
710 2890 983 2954 constructionem
1011 2890 1203 2956 Mummiani
1235 2898 1355 2977 poetae
1385 2896 1430 2960 sie

279 2994 529 3079 redipiscamur:
563 2995 616 3059 De
647 2994 803 3060 decuma
825 2996 955 3061 uictor
977 2997 1074 3061 tibei
1097 2996 1238 3062 Lucius
1262 2999 1430 3067 Mumius

280 3102 415 3166 donum
438 3100 612 3166 Moribus
645 3101 840 3185 antiqueis
869 3124 936 3186 pro
965 3125 1082 3167 usura
1104 3103 1191 3187 hoc,
1219 3107 1317 3188 qscod
1339 3108 1430 3173 dare
1473 3097 1475 3104 ’

279 3230 362 3274 sese
386 3207 520 3272 Visum
544 3208 670 3273 animo
695 3230 776 3292 suo,
799 3208 974 3292 perfecit.

368 3315 518 3380 Summae
547 3321 656 3380 autem
683 3315 852 3380 offensioni
879 3317 1052 3398 praevideo
1076 3339 1170 3382 versu
1194 3323 1313 3402 quarto
1340 3328 1374 3388 ιιι
1396 3329 1430 3388 ιιι

275 3422 386 3503 facilia
415 3423 493 3488 fore.
538 3423 601 3488 Pro
635 3422 752 3508 quibus
785 3447 804 3487 a
832 3421 997 3507 Scaligero
1026 3425 1191 3508 eleganter
1218 3428 1368 3510 reposita
1395 3435 1430 3494 ιιι

276 3529 382 3610 [elicio
413 3527 513 3593 verba
548 3527 754 3613 quantumvis
791 3528 831 3592 ad
868 3527 1122 3613 intellegendum
1160 3533 1315 3615 expedita
1354 3538 1430 3620 sint,

278 3639 387 3700 tamen
409 3636 467 3699 illa
490 3635 598 3719 potius
626 3655 740 3719 reapse
768 3635 932 3700 exstitisse
960 3633 995 3699 in
1023 3641 1233 3704 monumento
1260 3645 1315 3707 tot
1338 3644 1429 3709 testi-

170 3756 175 3765 ·
277 3744 337 3808 bus
367 3741 560 3808 credendum
588 3745 647 3806 est.
693 3741 782 3818 Quae
810 3741 838 3806 si
871 3741 990 3825 duplici
1017 3743 1143 3808 ratione
1169 3744 1300 3812 defendi
1330 3771 1427 3834 posse

278 3849 407 3934 dixero,
435 3851 472 3913 ut
494 3847 590 3914 fidem
614 3867 709 3932 aegre
733 3849 909 3932 inveniam,
932 3849 1103 3914 inveniam·
1119 3854 1231 3917 tamen
1253 3859 1291 3919 ut
1315 3877 1428 3941 spero:
1547 3863 1548 3904 i

236 3955 238 3960 ’
278 3977 473 4041 quamquam
496 3959 572 4020 utra
595 3955 678 4020 ratio
696 3957 848 4040 praestet,
871 3977 937 4020 non
957 3955 1116 4020 definiam.
1154 3957 1224 4023 Aut
1243 3961 1331 4026 enim
1352 3985 1426 4048 syn·

277 4083 390 4146 copam
413 4062 538 4147 patitur
565 4061 676 4142 [αιιιιιι
698 4064 731 4125 et
756 4059 854 4140 [aelia
876 4062 1119 4146 pronuntiatum
1143 4069 1207 4129 est:
1237 4065 1326 4150 quod
1349 4070 1426 4134 nolo

276 4171 396 4233 temere
424 4169 529 4233 dicere
556 4167 660 4232 videri
688 4189 798 4232 eorum
826 4167 973 4252 exemplo
1002 4168 1057 4252 qui
1080 4169 1130 4233 vel
1159 4169 1223 4235 sibi
1247 4173 1301 4237 vel
1332 4173 1426 4241 bonis
1547 4239 1548 4260 χ

277 4275 489 4357 scriptoribus
507 4275 589 4340 nihil
609 4273 758 4340 licentiae
776 4295 843 4340 non
861 4275 986 4340 licitum
1003 4279 1120 4357 putare
1139 4275 1255 4360 solent,
1275 4279 1333 4343 sed
1354 4301 1426 4344 cum

276 4385 437 4446 certorum
460 4381 681 4464 exemplorum
704 4381 945 4463 comparatione
968 4383 1038 4443 tum
1060 4379 1107 4444 ita
1134 4384 1170 4444 ut
1193 4385 1228 4445 et
1256 4405 1273 4446 e
1297 4385 1427 4467 plebeia

276 4485 507 4557 consuetudine
529 4489 675 4572 repetam
693 4487 727 4550 et
748 4487 856 4571 prisco
879 4491 1007 4554 tantum
1030 4507 1109 4551 aevo
1127 4487 1271 4554 tribuam
1296 4491 1425 4557 facilem
