3282 5076
296 371 358 434 184
435 386 584 433 rrrvnvs
610 385 802 432 convnuan
827 383 1033 434 nosraursu
1055 349 1290 430 uvanursrisn.

293 552 377 596 anno
397 547 577 597 Clolonxvr
597 527 743 592 Venetiis
763 527 897 610 prodiit,
920 527 1000 590 baec
1014 526 1113 589 verba
1126 525 1294 610 praemisit
1312 549 1343 610 p.
1361 527 1436 590 142:

293 637 395 702 ‘Infra
414 635 620 720 Capitolium,
644 635 684 699 ad
699 631 818 697 Arcum
835 632 997 716 Septimii,
1018 631 1241 698 vetustissIma
1259 633 1437 716 inscriptio,

293 765 394 828 nuper
418 742 549 824 effossa,
577 762 661 805 anno
685 758 810 804 unnxv
838 760 948 803 mense
972 737 1108 802 Sextili?
1154 738 1212 822 Vt,
1235 739 1319 802 unde
1343 759 1437 803 suum

293 851 372 913 illud
397 847 582 912 Sachsius
605 847 739 930 habeat,
768 847 823 930 qui
852 845 886 909 in
910 845 996 909 Hist.
1019 850 1052 910 et
1074 845 1174 910 deser.
1203 845 1290 910 urbis
1311 843 1438 910 Romae

292 959 314 1018 t.
338 955 354 1018 I
378 979 408 1039 p.
431 955 496 1018 419
522 955 626 1018 basim
650 954 817 1019 columnae
846 956 1006 1018 rostratae
1035 975 1118 1017 anno
1143 956 1438 1020 o1olonxauctore

293 1062 456 1127 cardinale
483 1060 638 1126 Farnesio
671 1063 821 1126 effossam
856 1082 925 1124 esse
954 1060 1079 1143 scribit,
1116 1083 1248 1144 prorsus
1282 1062 1437 1146 ignorem.

294 1169 394 1245 Quem
417 1191 531 1252 parum
557 1169 697 1252 peritum
720 1169 836 1232 harum
863 1190 969 1232 rerum
999 1169 1254 1234 existimatorem
1278 1169 1375 1233 ctiam
1404 1170 1438 1233 in

293 1276 354 1339 hoc
383 1275 602 1359 deprehendo,
634 1276 717 1360 quod
751 1275 859 1340 dedita
891 1296 991 1358 opera
1023 1297 1175 1360 quaerere
1208 1275 1328 1359 potuit,
1359 1297 1437 1340 num

293 1382 391 1466 forte,
419 1404 501 1466 quae
528 1381 624 1447 hodie
652 1383 685 1446 in
715 1381 849 1467 ‘palatio
874 1381 1150 1446 conservatorum’
1179 1380 1363 1468 Capitolino
1387 1405 1437 1447 co·
1508 1373 1509 1376 ¹

293 1491 403 1553 lumna
426 1489 541 1554 rostris
566 1493 722 1554 exornata
745 1490 950 1574 conspicitur,
978 1490 1068 1554 cuius
1099 1491 1202 1574 ipsius
1230 1491 1300 1555 basi
1324 1490 1438 1555 titulus

294 1596 485 1660 Duellianus
514 1595 570 1661 ille
599 1597 740 1660 insertus
770 1599 833 1678 est,
865 1619 930 1661 non
958 1599 1045 1660 esset
1072 1619 1111 1661 cx
1139 1598 1333 1682 antiquitate
1364 1619 1439 1682 pro-

294 1703 375 1766 dita:
400 1723 496 1786 quam
517 1702 637 1766 saeculi
656 1702 734 1766 XVI
754 1703 892 1767 artificio
917 1703 1025 1767 deberi
1048 1703 1198 1787 breviter,
1221 1708 1258 1768 nt
1279 1707 1349 1768 erat
1367 1726 1439 1768 con·

294 1813 495 1892 sentaneum,
514 1807 704 1872 Ernestns
724 1808 929 1874 Platnerus
949 1809 1118 1874 admonuit
1132 1807 1329 1873 Descr.Vrb.
1343 1812 1366 1872 t.
1381 1807 1440 1894 III,

298 1920 312 1980 1
336 1940 365 2000 p.
389 1917 458 1981 108.
493 1913 566 1979 Nisi
591 1914 720 1998 quidem
744 1916 854 1998 paullo
879 1917 977 1980 etiam
1000 1917 1119 1981 rectius
1139 1916 1177 1980 de
1197 1915 1324 1980 saeculo
1344 1915 1439 1980 XVII

295 2022 455 2107 cogitabis
480 2027 614 2105 propter
638 2043 708 2084 eam
733 2019 924 2105 quae'infra
948 2024 1101 2087 afferetur
1123 2024 1413 2088 ratiocinationem.

383 2129 477 2194 Circa
499 2129 606 2212 ipsum
631 2133 738 2194 autem
761 2129 881 2212 reperti
905 2129 1021 2213 lapidis
1040 2133 1167 2214 tempus
1189 2131 1286 2194 etiarn
1306 2129 1371 2194 alia
1393 2129 1439 2193 in-

295 2237 481 2320 scriptionis
505 2235 650 2320 exempla
674 2239 789 2319 parata
818 2258 886 2300 esse
915 2235 1034 2320 partim
1064 2241 1262 2320 compertum
1291 2240 1341 2301 est
1369 2260 1439 2320 par·

295 2347 355 2408 tim
378 2342 558 2427 probabile.
589 2343 635 2408 Et
654 2365 752 2406 unum
772 2329 900 2426 quidem
924 2343 964 2407 ad
987 2343 1241 2407 Srsrnnnvn
1261 2343 1440 2408 Plofflvu

165 2454 168 2460 '
295 2449 442 2534 pervenit
465 2449 511 2514 sic
535 2473 573 2514 ea
596 2450 634 2514 de
659 2455 903 2515 renarrantem
923 2451 1097 2516 Annalium
1121 2450 1212 2515 Rom.
1235 2454 1258 2516 t.
1279 2451 1311 2514 II
1335 2457 1365 2534 p.
1384 2453 1440 2516 24:

297 2556 464 2640 ‘Reliquos
487 2579 572 2620 nune
601 2556 635 2620 in
663 2578 701 2620 eo
729 2556 945 2642 characteres,
968 2557 1017 2622 uti
1046 2561 1171 2640 extant,
1194 2557 1442 2642 diligentissime

268 2663 474 2746 ⁴descriptos
499 2685 588 2729 more
617 2686 674 2728 suo
698 2664 817 2748 Itonia,
845 2687 920 2730 mox
948 2669 984 2729 ut
1007 2665 1171 2730 inventum
1196 2687 1338 2730 marmor
1361 2663 1441 2729 erat'

296 2769 396 2856 (quod
423 2770 556 2836 Parium
585 2793 668 2854 esse,
702 2770 866 2835 ‘truncum
894 2771 974 2834 illud
1002 2775 1100 2855 atque
1128 2770 1313 2836 contusum’
1346 2771 1440 2835 modo

296 2878 444 2960 dixerat),
469 2876 694 2942 ‘amicissimus
717 2899 807 2940 meus
831 2875 861 2939 N
868 2877 1019 2940 icolaus
1048 2875 1270 2941 Florentius
1299 2876 1441 2941 Batavus

297 2983 481 3046 Bruxellam
506 2983 546 3046 ad
569 3004 620 3046 me
640 2983 742 3047 misit:
766 2981 1032 3066 quemadmodum
1053 2967 1180 3048 solebat
1198 2987 1268 3048 tum
1287 3005 1442 3068 perquam

297 3093 445 3154 accurate
464 3089 559 3153 nobis
579 3088 815 3152 communicare
834 3109 945 3153 recens
964 3089 1098 3154 inventa
1116 3090 1247 3173 quaevis
1268 3113 1334 3156 non
1354 3093 1443 3176 prius

297 3217 390 3261 ame
413 3195 497 3276 visa,
522 3196 548 3258 si
572 3195 612 3259 ad
636 3196 820 3260 eommunia
842 3199 954 3260 nostra
978 3197 1084 3261 studia
1108 3199 1268 3281 pertinere
1293 3198 1442 3263 videban-

296 3301 370 3366 tur.’
404 3301 515 3384 Ipsam
539 3305 648 3366 autem
672 3302 853 3367 columnam
873 3299 934 3386 (sie
956 3303 1044 3366 enim
1062 3302 1220 3390 loquitur)
1245 3326 1316 3368 cum
1337 3304 1442 3390 ‘pau-

298 3409 351 3472 cis
375 3407 516 3473 abhinc
541 3409 653 3472 annis
676 3407 800 3473 Romae
824 3431 894 3474 esse
918 3413 1042 3474 erutam
1066 3431 1083 3474 e
1105 3409 1274 3476 ruderibus
1298 3411 1361 3477 fori
1380 3413 1441 3478 Ro-

299 3516 394 3598 mani,
417 3516 502 3580 inter
517 3513 751 3599 Septimianum
775 3537 884 3580 arcum
909 3521 942 3580 et
956 3513 1110 3600 Capitolii
1134 3516 1285 3582 radicem’
1309 3517 1443 3602 Pighius

298 3621 397 3704 dicat,
422 3621 531 3704 aliqua
554 3623 621 3686 fieri
647 3623 832 3686 coniectura
853 3627 963 3706 potest
985 3645 1048 3706 quo
1072 3623 1138 3688 fere
1157 3628 1301 3709 tempore
1321 3624 1442 3688 chartis

298 3728 377 3792 haec
407 3727 658 3813 consignaverit:
692 3729 818 3813 quando
846 3729 1009 3813 publicam
1040 3731 1144 3795 lucem
1173 3731 1312 3814 primum
1337 3731 1443 3795 Anna·

298 3834 378 3898 lium
410 3833 561 3899 volumen
594 3833 681 3920 (cum
710 3835 910 3920 praefatione
938 3839 1015 3901 anni
1044 3835 1246 3921 croroxcvn)
1279 3859 1362 3902 anno
1391 3837 1442 3900 de-

299 3965 385 4006 mum
421 3959 596 4008 croroxcrx
628 3942 725 4025 vidit,
763 3943 900 4008 alterum
939 3949 1014 4028 post
1051 3947 1188 4010 mortem
1223 3944 1302 4008 adeo
1335 3943 1443 4027 Pighii

300 4071 327 4112 a.
347 4065 505 4114 clolocxv
533 4045 661 4131 prodiit.
712 4047 774 4112 Sed
802 4049 919 4132 quibus
950 4051 1183 4134 supplementis
1216 4050 1322 4114 mutili
1354 4049 1443 4113 tituli

300 4155 481 4238 exemplum
518 4178 537 4218 a
569 4153 733 4218 Florentio
771 4159 937 4239 acceptum
970 4159 1189 4242 redintegrare
1222 4161 1355 4220 conatus
1383 4162 1443 4236 est,

300 4284 338 4326 ea
361 4261 506 4345 profecto
529 4261 606 4325 sciri
629 4261 740 4345 nequit
763 4283 825 4344 quo
849 4267 993 4346 tempore
1024 4265 1069 4328 sic
1093 4265 1139 4328 uti
1163 4285 1246 4326 nunc
1270 4284 1300 4345 p.
1324 4263 1367 4326 26
1391 4285 1443 4326 ex-

301 4389 412 4450 pressa
445 4367 597 4451 leguntur
636 4368 873 4452 perscripserit:
905 4373 954 4450 ut,
992 4373 1099 4434 utrum
1132 4391 1191 4432 suo
1224 4368 1280 4432 illa
1311 4369 1442 4454 ingenio

301 4472 410 4538 omnia
433 4473 550 4538 debeat
573 4495 612 4538 an
637 4495 748 4538 eorum
772 4498 865 4540 curas
885 4497 977 4540 suum
996 4475 1030 4540 in
1052 4497 1141 4540 usum
1162 4477 1366 4564 converterit,
1388 4479 1444 4562 qui
