3166 5084
273 347 315 412 38
540 362 644 446 tacis
668 361 820 410 uvsumu
840 361 925 409 erus
950 361 1151 410 svruasras.

274 506 460 592 diligentius
491 505 578 570 facto
607 529 704 590 quam
732 527 770 570 ex
803 505 861 570 illo
889 504 1026 589 pendere
1048 503 1152 590 'Hugo
1181 505 1307 571 mallet:
1334 506 1432 571 un‘de

273 615 367 675 tanta
401 613 485 697 apud
516 613 603 678 hune
643 612 827 678 litterarum
859 613 1052 677 carrinarum
1086 611 1272 678 multitudo.
1322 613 1432 698 Apud

273 718 408 783 Lamum
436 723 545 784 autem
576 741 649 784 cum
680 719 778 784 etiam
808 718 843 783 in
866 720 1072 803 paucioribus
1096 741 1191 802 quam
1216 719 1300 804 apud
1322 719 1432 785 Mari·

273 825 362 890 nium
386 825 467 890 locis
499 825 633 891 alicuius
662 823 876 892 dubitationis
901 825 1098 912 significatio
1121 825 1209 892 facta
1231 831 1331 909 esset,
1355 827 1432 892 iam

275 953 312 996 eo
335 953 387 996 res
411 954 481 997 esse
506 932 644 997 adducta
666 932 766 996 videri
791 936 921 1016 poterat
942 935 980 998 ut
1003 953 1162 998 summam
1185 933 1317 998 tabulae
1339 933 1433 1000 inte

211 1071 214 1089 ·
276 1037 429 1124 gritatem
454 1061 523 1104 esse
547 1039 702 1122 crederes,
725 1040 789 1104 nisi
813 1039 879 1104 suis
904 1039 1005 1106 oculis
1029 1040 1134 1104 denuo
1158 1063 1232 1105 aere
1255 1039 1434 1105 Parmensi

275 1146 476 1230 examinato,
503 1169 600 1230 quam
630 1169 695 1211 non
719 1151 804 1211 esset
828 1148 996 1232 utriusque
1019 1147 1166 1229 exemplo
1190 1148 1434 1232 confidendum,

276 1253 463 1324 Gvsravvs
487 1253 676 1318 Esuasrvs
694 1251 941 1319 Humnacnrvs
966 1253 1130 1318 docuisset
1149 1253 1433 1320 Observationum

276 1359 356 1423 iuris
380 1359 519 1424 Romani
541 1360 626 1424 libro
650 1383 679 1424 a
700 1360 785 1424 1834
803 1359 932 1445 Lipsiae
956 1359 1052 1443 edito,
1073 1361 1130 1424 ubi
1153 1383 1184 1446 p.
1208 1361 1248 1426 31
1274 1385 1320 1446 sq.
1343 1361 1434 1426 inte

277 1487 371 1552 grum
394 1467 478 1553 legis
501 1471 599 1552 caput
617 1467 703 1551 XXI,
727 1469 822 1552 quale
845 1469 879 1532 in
897 1468 1010 1532 tabula
1029 1491 1142 1554 reapse
1161 1469 1331 1555 legeretur,
1354 1467 1433 1532 dili·

277 1575 407 1660 gentius
437 1574 562 1640 studuit
590 1597 686 1659 quam
718 1574 898 1639 evidentius
923 1575 1035 1658 ‚potuit
1058 1575 1247 1642 describere.
1297 1575 1433 1660 Quippe

277 1681 311 1746 in
334 1682 481 1747 confesso
511 1686 560 1746 est
587 1703 647 1746 nec
670 1681 842 1746 verborum
866 1681 1059 1778 ambagibus
1084 1682 1164 1746 satis
1188 1683 1341 1768 enarrari,
1365 1703 1433 1746 nec

277 1789 324 1854 eis
351 1790 534 1854 litterarum
563 1787 677 1854 formis
707 1788 823 1873 quibus
851 1788 948 1853 hodie
980 1789 1178 1874 typographi
1208 1793 1344 1854 utuntur
1373 1811 1432 1854 ex·

278 1897 410 1980 aequari
429 1895 650 1960 incredibilem
670 1895 703 1960 in
722 1895 783 1960 hoc
803 1915 920 1980 genere
939 1895 1130 1960 varietatem
1149 1897 1293 1981 ipsorum
1313 1919 1431 1962 monu-

277 2006 460 2067 mentorum
484 2025 593 2087 posse,
617 2003 673 2068 sed
697 2001 885 2068 delineando
909 2002 1037 2067 demum
1058 2024 1095 2068 eo
1114 2003 1275 2088 perveniri
1294 2007 1331 2067 ut
1349 2025 1432 2068 vera

278 2109 388 2192 imago
412 2109 618 2193 antiquitatis
643 2111 676 2172 et
698 2112 865 2192 tamquam
895 2108 1104 2174 simulacrum
1128 2109 1298 2194 quoddam·
1311 2111 1431 2176 fallere

279 2216 423 2280 nescium
447 2220 598 2299 paretur:
626 2216 717 2280 ouius
746 2216 874 2280 artificii
904 2215 1082 2299 perfectum
1110 2217 1292 2301 exemplum
1319 2221 1432 2282 exstat

280 2321 458 2387 STEPHANI
482 2322 708 2387 Eluufflcuuar
732 2321 867 2386 consilio
892 2326 1170 2406 repraesentatum
1193 2321 1252 2389 SC.
1271 2324 1309 2388 de
1326 2322 1432 2388 Baca-

278 2431 418 2497 nulibus.

369 2537 459 2615 Quae
478 2561 549 2604 curn
569 2537 617 2602 ita
636 2540 753 2622 essent,
771 2558 843 2602 eum
858 2559 963 2622 nuper
976 2536 1010 2601 in
1027 2536 1212 2602 suavissimi
1226 2536 1431 2603 Wuucuuur

281 2645 345 2710 mei
381 2645 500 2730 pluteis
536 2643 785 2728 locupletisimis
817 2644 926 2708 nescio
963 2643 1040 2727 quid
1072 2647 1219 2710 scrutans
1253 2645 1336 2710 forte
1363 2645 1430 2710 for·

281 2755 361 2816 tuna
388 2751 422 2815 in
451 2751 534 2835 legis
558 2750 699 2815 Rubriae
719 2751 900 2834 exemplum
924 2749 1110 2815 incidissem
1134 2772 1243 2836 manu,
1273 2755 1309 2816 ut
1332 2751 1430 2818 facile

283 2858 390 2942 primo
406 2861 536 2940 aspectu
552 2858 738 2940 apparebat,
757 2855 963 2939 peritissima,
981 2855 1044 2919 fide
1062 2859 1169 2920 autem
1184 2857 1433 2944 religiosissima

283 2965 403 3029 affabre
423 2984 555 3047 prorsus
573 2962 750 3048 factum*):
770 2963 835 3046 ubi,
859 2962 935 3046 quid
954 2963 1022 3027 eius
1041 2963 1088 3028 rei
1107 2967 1202 3047 esset,
1225 2964 1432 3048 quaerebam,

282 3069 365 3134 illud
385 3091 418 3134 se
434 3068 663 3134 Wuucuuavs
682 3068 850 3154 respondit
868 3068 984 3152 optimi
1002 3069 1064 3133 viri
1082 3070 1302 3156 singularique
1316 3069 1431 3135 hnma-

372 3317 397 3385 *)
418 3315 563 3387 [conferas
581 3316 677 3369 tamen
695 3331 766 3383 quae
781 3314 950 3371 Ritschelius
968 3317 998 3370 in
1012 3316 1139 3371 Enarrat.
1159 3315 1216 3370 tab.
1231 3315 1335 3372 XXXII
1352 3315 1382 3372 P.
1398 3316 1430 3370 t.

284 3407 320 3462 ld.
337 3406 366 3462 li.
382 3424 409 3475 p.
424 3411 459 3459 28
474 3403 598 3473 scripsit:
615 3403 677 3457 ‘Cui
692 3403 830 3473 (exemplo
845 3403 1025 3473 lithographo
1040 3404 1114 3472 quod
1124 3403 1189 3458 huic
1200 3405 1431 3461 commentationi

284 3497 424 3551 adnexum
448 3496 519 3562 erat)
548 3491 718 3548 conficiendo
742 3508 805 3545 cunr
828 3491 980 3547 delineatio
1006 3493 1116 3546 tantum
1142 3496 1255 3562 praesto
1272 3493 1372 3550 inisset
1392 3495 1431 3548 ab

284 3585 433 3640 Welckero
456 3583 581 3652 accepta,
600 3581 665 3635 huie
688 3587 801 3636 a.1841
827 3581 933 3636 donata
951 3581 987 3635 ab
1010 3580 1147 3636 Michaele
1171 3581 1205 3636 dc
1227 3583 1319 3653 Lopez
1341 3581 1430 3636 musei

284 3672 443 3730 Parmensis
461 3671 619 3742 praefecto,
637 3687 692 3725 non
717 3687 775 3724 esse
799 3670 1030 3724 committendum
1048 3670 1147 3740 putavi
1170 3671 1237 3740 quin
1257 3688 1306 3742 per
1324 3669 1432 3726 itineris

285 3763 376 3819 ltalici
391 3761 434 3816 sni
445 3760 684 3830 opportunitatem
693 3757 863 3812 Ribbookius
876 3758 968 3828 ipsum
978 3759 1160 3828 archetypum
1172 3760 1262 3816 denuo
1272 3759 1430 3830 inspiceret.

284 3851 364 3917 Quod
388 3849 441 3905 etsi
464 3848 512 3902 illa
531 3849 650 3902 testatus
673 3849 716 3902 est
740 3847 877 3902 laudabili
901 3848 954 3902 fide
976 3848 1006 3902 in
1028 3848 1201 3920 lithographi
1226 3848 1316 3904 nostri
1332 3849 1431 3903 tabula

285 3957 444 4010 expressum
468 3955 540 4006 csse,
568 3941 662 3992 tamen
686 3936 816 4005 quoniam
836 3939 872 3991 ad
895 3938 979 3992 fidem
1005 3955 1142 3992 summam
1163 3937 1270 4007 aliquid
1288 3941 1383 3992 tamur
1401 3935 1429 3990 in

285 4029 436 4084 levioribus
456 4027 628 4098 quibusdam
646 4027 728 4082 rebus
753 4027 887 4082 omissum
907 4028 1071 4082 observarat
1090 4030 1115 4097 (e
1134 4028 1236 4096 quibus
1255 4043 1339 4082 unam
1357 4041 1429 4095 qnae

285 4120 321 4174 ad
337 4123 356 4172 Ρ
372 4117 484 4173 litterae
498 4119 615 4188 figuram
631 4117 749 4186 spectat,
764 4115 846 4184 tetigi
860 4133 949 4185 nuper
963 4117 1052 4172 Musei
1066 4117 1154 4172 Rhea.
1169 4119 1189 4171 t.
1205 4115 1270 4171 XIV
1279 4135 1306 4186 p.
1321 4121 1371 4170 291
1388 4133 1429 4182 sq.

286 4208 372 4280 [infra
385 4207 482 4278 XIVD,
496 4208 588 4277 ipsum
604 4205 754 4276 Lopeaiurn
770 4203 897 4273 precibus
916 4205 974 4261 adii
993 4209 1025 4261 nt
1042 4221 1115 4260 novo
1129 4207 1228 4275 parato
1247 4204 1430 4260 instrumento

285 4297 355 4351 mihi
374 4295 585 4366 gratificaretur.
613 4291 770 4364 Respondit
788 4290 830 4346 vir
848 4291 1066 4350 officiosissimus
1084 4293 1175 4348 missis
1194 4293 1290 4349 formis
1308 4293 1430 4348 emunata

286 4389 358 4441 aeris
377 4384 549 4440 Parmensis:
568 4383 640 4438 unde
658 4399 714 4436 nou
734 4381 936 4438 emendandam
951 4384 1072 4453 priorem
1090 4384 1217 4438 tabulam
1236 4385 1368 4450 nostram,
1383 4380 1429 4436 sed

286 4493 391 4532 novam
409 4493 427 4530 a
446 4473 626 4544 lithographo
646 4472 831 4543 effingendam
852 4471 968 4528 curari?
1005 4471 1034 4529 0.
1053 4473 1111 4546 W.]
