3254 5090
264 337 330 401 440
425 353 462 400 1u
485 351 597 400 uacus
622 349 810 399 usnemun
835 349 1018 396 suroruuu
1044 347 1249 397 conssmeu

177 529 212 570 ,ι
265 496 384 580 cipium
411 495 481 560 fuit.
525 516 584 579 pro
617 494 705 559 tribu
738 491 808 558 Sex.
834 491 1009 574 [Visellius]
1038 489 1073 555 L.
1096 491 1117 556 f.
1137 489 1243 556 Varro
1273 489 1413 572 [primus

264 602 400 685 sciuitl':
432 605 467 668 in
495 603 611 688 quibus
640 601 876 686 perscribendis
899 598 1132 664 Buechelerum
1161 599 1262 664 secuti
1292 621 1412 664 sumus.

264 711 340 776 Non
364 715 414 775 est
437 732 513 776 sane
537 709 596 773 illa
619 709 671 774 lex
700 709 751 773 vel
779 708 953 774 tribunicia
981 707 1032 772 vel
1061 706 1129 771 eius
1157 705 1191 770 in
1220 728 1283 790 qua
1306 727 1412 770 versa·
1491 774 1499 785 ,

168 873 174 886 ,
266 840 338 882 mur
371 817 500 883 aetatis:
532 839 644 882 verum
671 817 704 880 in
731 819 825 881 tanta
854 819 964 882 tamen
996 813 1122 900 generis
1155 813 1316 879 affinitate
1348 837 1412 899 quo

266 925 398 990 tandem
421 923 490 989 iure
509 946 573 989 uno
593 922 677 1008 quod
696 923 730 988 in
749 924 900 1007 promptu
920 925 969 986 est
989 921 1137 1005 exemplo
1157 921 1257 985 males
1280 919 1319 985 ad
1338 942 1413 986 con-

267 1030 401 1096 trariam
433 1051 529 1114 quam
563 1030 602 1096 ad
636 1029 770 1095 eandem
801 1029 961 1094 rationem
993 1028 1194 1112 probandam
1225 1027 1295 1092 uti?
1340 1028 1414 1093 Huc

267 1140 376 1202 autem
399 1137 463 1203 alia
486 1137 640 1220 accedunt
662 1158 728 1202 non
752 1137 909 1204 minorem
928 1135 995 1198 vim
1017 1133 1231 1218 persuadendi
1250 1134 1414 1200 habentia.

267 1242 411 1309 Primum
435 1245 564 1330 quidem
576 1243 702 1310 Valerii
720 1243 819 1308 Probi
842 1243 952 1328 grauis
976 1241 1164 1326 auotoritas,
1187 1243 1242 1326 qui
1266 1243 1414 1326 opusculi

267 1352 305 1415 de
329 1352 416 1416 notis
441 1351 581 1435 antiquis
606 1355 625 1432 ξ
645 1351 665 1416 3
688 1374 719 1435 p.
741 1351 800 1414 121
827 1349 873 1415 ed.
898 1347 1045 1414 Momms.
1070 1348 1208 1414 ‘litterar
1233 1349 1414 1435 singulares

268 1459 301 1522 in
325 1458 393 1522 iure
417 1459 506 1526 ciuili
529 1459 572 1522 de
600 1457 755 1544 legibus
784 1461 821 1521 et
847 1456 1070 1541 plebiscitis
1099 1455 1234 1540 poneus'
1258 1478 1331 1522 cum
1354 1457 1415 1522 ini·

267 1565 350 1630 tium
373 1563 453 1629 facit
477 1586 496 1628 a
518 1563 645 1629 P·I·R
672 1567 705 1628 et
733 1561 907 1639 Poe-S
936 1562 966 1626 h.
987 1585 1011 1628 c.
1029 1549 1272 1646 populum'iore
1293 1565 1416 1646 reposit

269 1677 302 1737 et
318 1672 453 1755 popalus
475 1692 532 1754 quc
560 1673 627 1736 iure
653 1672 756 1749 sciuit,
788 1671 840 1736 his
871 1674 979 1736 autem
1006 1670 1066 1735 has
1095 1671 1264 1736 continuat
1290 1670 1359 1735 I·F
1383 1676 1417 1736 et

268 1777 350 1844 P·R
378 1775 443 1864 (vel
466 1779 577 1862 potius
600 1776 781 1842 lli-P·R
804 1780 839 1842 ut
861 1775 1028 1861 putamus)
1058 1781 1090 1841 et
1113 1775 1311 1842 E·A·[)·P
1338 1778 1415 1843 h.e.

268 1887 303 1950 ia
324 1888 393 1966 foro
410 1906 472 1968 pro
494 1887 603 1951 rostris
631 1888 663 1949 et
691 1906 727 1950 ex
753 1890 824 1950 cale
851 1885 930 1950 diem
950 1885 1066 1968 peda,
1099 1885 1245 1969 profecto
1273 1907 1331 1950 nec
1357 1885 1417 1950 im-

268 1997 455 2077 peratorum
478 1995 617 2058 aetatem
637 1993 810 2077 spectavit,
832 2013 891 2058 nec
915 1991 956 2056 ab
980 1991 1025 2056 eis
1051 2013 1132 2076 quae
1151 1992 1308 2057 inusitata
1326 1991 1417 2058 fuere

269 2100 434 2183 profectus
463 2102 525 2184 est,
554 2099 609 2164 sed
638 2119 719 2183 quae
747 2098 877 2162 usitata.
924 2097 999 2183 Ipsa
1022 2097 1135 2163 deinde
1165 2099 1249 2164 ratio
1273 2099 1320 2164 rei
1344 2121 1417 2164 cum

269 2204 355 2270 haud
379 2203 475 2269 dubie
498 2203 560 2270 hoc
584 2205 720 2269 suadeat
742 2207 788 2289 ut,
811 2204 935 2288 siquid
959 2205 992 2270 in
1010 2205 1078 2270 iure
1096 2205 1227 2290 publico
1248 2207 1417 2290 privatave

270 2311 407 2397 populus
426 2311 593 2378 Romanus
617 2313 789 2396 sanxisset,
812 2312 845 2376 id
869 2312 996 2398 quando
1020 2312 1142 2378 factum
1167 2316 1252 2378 esset
1273 2313 1417 2379 noluisse
1498 2295 1500 2304 ’

271 2441 343 2485 eum
376 2421 476 2485 latere
508 2420 690 2505 eradamus,
727 2424 796 2486 tum
827 2442 847 2484 a
873 2421 983 2505 legum
1020 2419 1231 2485 similitudine
1267 2420 1416 2504 proximo

270 2527 442 2592 intervallo
462 2527 602 2592 discreta
621 2527 726 2592 senati
745 2527 893 2593 consulta
916 2526 978 2593 loci
997 2527 1218 2612 temporisque
1236 2528 1418 2593 accessione

271 2656 447 2720 numquam
471 2633 556 2717 quod
580 2633 720 2698 sciamus
744 2635 924 2698 caruerunt.
958 2630 1056 2697 Cuius
1075 2633 1123 2698 rei
1140 2635 1205 2699 tria
1224 2633 1419 2700 documenta

270 2742 377 2825 ipsum
400 2723 563 2806 saeculum
583 2741 757 2824 septimum
777 2762 850 2805 eum
869 2743 959 2804 sexto
979 2743 1160 2824 praestant:
1183 2741 1323 2824 primum
1341 2739 1371 2806 S.
1383 2741 1418 2809 0.

271 2849 310 2912 dc
330 2847 588 2912 Bacchanalibus
611 2847 704 2932 illud,
727 2847 812 2932 quod
836 2851 886 2912 est
909 2847 970 2912 hoc
993 2847 1087 2912 initio
1112 2847 1153 2928 [Q
1165 2850 1185 2930 ·]
1207 2846 1417 2914 MARCIVS·

272 2949 678 3018 L·F·S·POSTVMIVS
688 2987 695 3001 ·
707 2952 733 3017 L
746 2989 752 3000 ·
763 2951 788 3016 F
799 2989 805 3000 ·
817 2951 894 3019 COS
909 2989 915 3001 ·
931 2951 1143 3018 SENATVM
1158 2951 1417 3020 -OONSOLVE-

272 3058 392 3124 RVN'P
407 3095 413 3106 ·
429 3057 628 3124 Ν·0οΤΟΒ
643 3095 649 3107 ·
665 3059 805 3124 APVD·
821 3058 976 3125 AEDEM
991 3096 998 3108 ·
1014 3059 1254 3126 DVELONAI:
1278 3062 1418 3127 alterum

274 3164 304 3231 S.
326 3162 360 3230 0.
383 3164 421 3230 de
446 3163 637 3232 Tiburtibus
666 3167 706 3232 ab
734 3166 786 3232 his
810 3168 917 3232 verbis
947 3168 1075 3233 ordiens
1098 3166 1417 3236 0001οΝ00Νὸ-

273 3270 1417 3342 ΟΝἙ-ΡΗ·ΒΕΝ·0οΝ0·Α·Ι)·ΙΙΙ·ΝΟΝ·ΜΑΙ·0οΒ·ΑΕΙ)Ε·

272 3376 511 3448 KASTORVS:
539 3382 672 3447 tertium
696 3367 735 3447 de
758 3380 951 3465 Asclepiade
975 3379 1196 3468 Clazomenio,
1228 3381 1417 3468 Polystrato

272 3485 430 3570 Carystio,
454 3487 597 3554 Menisco
621 3487 749 3554 Milesio
772 3488 909 3573 iactum,
937 3489 1026 3554 cuius
1051 3488 1277 3573 interpretatio
1301 3511 1419 3575 graeca

273 3595 352 3660 haec
371 3596 513 3660 servavit
534 3597 597 3662 ΕΠΙ
622 3596 791 3662 ΥΠΑΤΩΝ
818 3597 992 3662 ΚΟΙΝΤΟΥ
1016 3596 1217 3662 ΛΥΤΑΤΙΟΥ
1243 3599 1417 3664 ΚΟΙΝΤΟΥ

273 3702 370 3767 ΥΙΟΥ
387 3702 544 3768 ΚΑΤΛΟΥ
561 3704 617 3768 ΚΑΙ
635 3704 801 3769 ΜΑΡΚΟΥ
815 3705 971 3768 ΑΙΜιλιου
990 3723 1117 3768 κοιντου
1132 3725 1203 3768 υιου
1221 3703 1232 3786 ΙΙ
1250 3706 1418 3771 ΜΑΡΚΟΥ

272 3809 427 3874 ΥΙΩΝΟΥ
451 3808 633 3875 ΛΙΠΕΔΟΥ
657 3810 890 3875 (ΤΡΑΤΗΓΟΥ
914 3810 968 3874 ΔΕ
994 3810 1094 3874 ΚΑΤΑ
1116 3810 1240 3876 ΠΟΛΙΝ
1267 3813 1324 3876 ΚΑΙ
1352 3813 1416 3878 ΕΠΙ

273 3913 353 3981 ΤΩΝ
383 3915 523 3982 ΞΕΝΩΝ
553 3917 724 3982 ΛΕΥΚΙΟΥ
754 3916 949 3996 ΚΟρνΗΛΙου
978 3937 1105 3980 ..υιου
1130 3966 1136 3980 .
1162 3967 1168 3980 .
1195 3915 1206 4000 ll
1232 3917 1418 3984 (ΙΕΕΝΝΑ·

198 4041 257 4080 xm
273 4023 415 4090 ΜΗΝΟ(
444 4023 571 4094 ΜΑΙΟΥ
636 4024 773 4089 ΚΟΙντο(
796 4023 990 4089 ΛΥΤΑΤΙΟ(
1015 4023 1189 4089 ΚΟΙΝΤΟΥ
1212 4024 1304 4090 ΥΙΟ(
1328 4026 1418 4090 ΚΑΤ-

273 4132 349 4196 boc
367 4130 533 4196 ΥΠΑΤΟ(
553 4131 769 4210 (ΥΓΚΛΗΤΩΙ
791 4131 1118 4196 (ΥΝΕΒΟΥΛευεατο
1181 4131 1191 4214 ΙΙ
1208 4132 1293 4197 ΠΡΟ
1319 4133 1418 4198 ΗΜΕ-

275 4237 352 4303 ΡΩΝ
378 4238 535 4304 ΕΝΔΕΚΑ
560 4238 776 4304 ΚΑΛΑΝΔΩΝ
799 4237 960 4303 ΙΟΥΝΙΩΝ
981 4239 1029 4303 ΕΝ
1052 4234 1418 4323 robustisismum
1486 4309 1496 4319 ⁸

273 4343 354 4407 haee
377 4343 411 4408 in
435 4365 507 4408 aere
530 4343 714 4410 Borbonico
743 4343 866 4427 scripta
893 4343 990 4430 sunt).
1038 4342 1143 4408 Solius
1167 4353 1253 4408 nunc·
1274 4343 1338 4407 diei
1361 4365 1417 4407 no·

7 4403 9 4540 l
273 4449 355 4514 tatio
379 4453 543 4533 superstes
567 4455 617 4515 est
638 4451 673 4515 in
696 4449 811 4516 mutilo
835 4471 994 4515 marmore
1008 4449 1175 4515 Prienensi
1189 4447 1223 4516 0.
1237 4449 1262 4516 I.
1277 4447 1314 4515 G.
1328 4448 1419 4515 2905

8 4551 9 4590 l
