3224 5066
506 375 514 384 ·
612 375 820 424 umescens.
1230 355 1294 422 765

150 561 203 631 13.
232 557 405 654 Syllabus
428 559 656 646 indiciorum
683 559 876 652 potiorum
899 579 994 651 quae
1016 556 1064 629 ad
1087 553 1296 628 definienda

284 689 455 776 tempora
482 683 771 776 inscriptionum
797 682 1003 754 latinarum
1029 681 1166 756 valent

244 836 377 906 (excluso,
395 839 428 891 ut
444 839 488 892 est
505 839 730 907 consentaneum,
749 835 904 907 scripturae
922 852 1024 906 genere
1043 834 1199 904 cursivo).*)

152 963 179 1028 0
202 985 262 1047 pro
280 963 320 1048 V,
343 967 381 1029 ut
402 964 577 1048 plurimum
601 963 746 1030 etiamE
771 987 830 1050 pro
855 963 884 1047 Ι,
906 963 941 1028 16
959 963 1174 1028 declinatione
1193 960 1296 1026 nomi-

218 1092 296 1135 num
319 1070 568 1155 verborumque:
591 1093 720 1136 cessans
744 1070 830 1135 circa
853 1091 880 1134 a.
899 1069 965 1134 520
984 1091 1052 1154 sqq.

153 1173 321 1260 bfigurae
344 1198 434 1241 usus:
458 1176 513 1242 diu
536 1181 702 1261 constans,
725 1197 854 1242 cessans
878 1176 962 1242 circa
986 1198 1014 1242 6.
1032 1175 1218 1241 stc-580.

151 1296 186 1365 lb
209 1300 261 1364 vel
282 1297 317 1366 Λ
340 1300 393 1364 vel
416 1301 450 1369 :b
473 1300 598 1387 figurae
621 1325 699 1368 usus

152 1405 180 1464 0
204 1407 254 1470 vel
277 1415 304 1471 0
327 1407 451 1491 figurae
473 1431 549 1473 6666

153 1503 179 1578 5
204 1512 325 1597 figurae
348 1535 425 1578 usus

151 1615 206 1683 XS
229 1641 288 1702 pro
312 1619 341 1684 X
365 1621 519 1705 simplici:
542 1645 608 1688 nou
631 1625 706 1686 ante
730 1619 797 1687 S.O.
821 1622 860 1686 da
883 1619 1139 1686 Bacchanalibus
1163 1617 1267 1707 (568).

153 1725 337 1792 Geminatio
361 1729 623 1793 consonantium:
646 1727 735 1794 nulla
753 1733 828 1794 ante
842 1727 993 1810 Ennium,
1015 1727 1116 1792 ferme
1136 1748 1174 1790 cx
1193 1748 1296 1810 aequo

753 1377 928 1439 numquam
965 1358 1131 1438 constans,
1166 1373 1296 1418 cessans

803 1463 888 1528 circa
910 1462 996 1527 idem
1018 1464 1156 1546 tempus.

218 1833 378 1898 fluctuans
403 1835 443 1899 ab
468 1857 495 1900 a.
519 1834 648 1900 circiter
666 1834 732 1900 580
756 1835 796 1901 ad
815 1836 890 1919 620,
912 1833 1101 1922 praevalens
1126 1835 1167 1898 ab
1187 1856 1214 1898 a.
1232 1833 1300 1932 620

219 1941 259 2006 ad
282 1941 358 2024 640,
380 1941 446 2007 fere
469 1947 620 2008 cenetens
644 1943 686 2007 ab
710 1965 738 2008 a
762 1942 890 2007 circiter
912 1941 986 2006 640.

152 2045 337 2112 Geminatio
361 2048 535 2114 vocalium:
558 2049 648 2114 nulle
671 2052 746 2114 ante
770 2071 798 2114 a.
817 2049 891 2132 620,
914 2069 1045 2113 6666666
1068 2048 1153 2113 circa
1176 2069 1204 2112 a
1223 2046 1297 2112 680.

153 2153 212 2230 QV
244 2177 303 2238 pro
335 2153 393 2220 GV
425 2156 476 2220 vel
509 2155 611 2232 QVO:
647 2177 713 2222 non
748 2159 823 2220 ante
855 2177 884 2220 a.
914 2155 1042 2220 circiter
1074 2155 1140 2220 620
1175 2153 1298 2218 usitata

219 2261 387 2348 scriptura.

154 2361 185 2432 Π
208 2389 267 2452 pro
293 2364 330 2452 Ρ,
353 2367 409 2432 sed
433 2367 562 2453 augulis
584 2369 680 2454 plane
701 2369 813 2434 rectia:
835 2391 902 2434 non
920 2369 1009 2434 ultra
1026 2367 1114 2434 idem
1132 2367 1198 2433 fere
1216 2371 1297 2432 tem·

220 2496 280 2558 pus
303 2477 468 2559 usurpate.

153 2579 294 2648 Omissio
318 2585 367 2654 Μ
391 2585 425 2646 66
447 2579 469 2646 S
492 2583 653 2648 finalium:
676 2604 805 2648 cessans
828 2584 914 2648 circa
937 2605 965 2650 a
983 2583 1168 2650 620-630.

153 2685 213 2752 OV
236 2683 294 2772 pro
318 2687 345 2752 Ο
368 2691 402 2753 66
424 2686 454 2753 V

154 2793 327 2860 Genetivus
351 2794 468 2860 tertiae
486 2795 565 2860 decl.
585 2793 683 2860 invs

123 2919 125 2924 ·
220 2901 370 2967 desinens

153 3007 384 3074 Nominativus
411 3008 493 3095 plur.
525 3009 684 3074 secundae

712 2766 777 2810 non
800 2743 866 2810 fere
889 2747 946 2809 666
969 2766 1033 2808 666
1053 2743 1192 2809 multum
1211 2743 1298 2808 ultra

778 2851 920 2916 medium
945 2853 1109 2917 saeculum
1128 2849 1192 2916 VII
1212 2847 1255 2936 (si
1278 2873 1298 2915 a

778 2957 984 3042 paucioribus
1015 2955 1207 3044 quibusdem
1235 2955 1298 3020 dis·

220 3115 288 3181 decl
321 3117 355 3180 in
380 3113 401 3180 S
425 3117 575 3181 desinens
779 3065 913 3130 cesseris
936 3069 993 3131 666
1011 3065 1097 3131 casui
1116 3063 1298 3130 tribuendis

154 3220 362 3286 popfflcpg
385 3223 547 3306 scriptum
779 3175 836 3236 aut
855 3175 944 3238 certa
964 3173 1088 3237 ratione
1108 3171 1299 3256 censendis).

154 3325 184 3390 V
216 3349 275 3411 pro
306 3327 362 3392 OE
393 3327 436 3392 OI
469 3331 503 3392 in
529 3349 639 3392 curare
671 3329 781 3394 simil:
813 3351 879 3395 non
911 3335 987 3394 ente
1019 3331 1161 3395 madium
1190 3350 1299 3394 saecu·

221 3435 289 3498 lum
312 3433 385 3498 VH.

154 3539 323 3624 Aspiretio
347 3541 606 3606 consonantium:
628 3540 720 3606 nulla
738 3544 814 3606 ante
832 3565 861 3607 a
875 3543 1061 3627 660-660,
1083 3543 1241 3608 fluctuans
1258 3541 1299 3607 ad

221 3670 249 3714 a.
272 3646 400 3712 circiter
424 3647 586 3732 ’1006666
610 3650 763 3712 constans
787 3649 945 3714 66161616
970 3649 1089 3715 saeculi
1112 3647 1202 3715 VIII.

154 3745 171 3817 Ι
194 3754 311 3840 longae
333 3776 423 3820 usus:
446 3753 555 3820 nullus
578 3757 654 3820 ante
677 3758 825 3839 tempora
848 3755 989 3824 Sedena

155 3863 269 3947 Apicis
290 3884 382 3928 usus:
405 3863 512 3928 nullus
536 3866 610 3928 ante
632 3867 780 3949 tempora
803 3862 1008 3930 Caesariana.

154 3968 184 4034 Y
208 3969 338 4036 litterae
360 3991 450 4035 usus:
478 3971 587 4036 661166
614 3969 759 4057 (praeter
781 3991 882 4036 unum
906 3965 1104 4054 exemplum)
1133 3972 1208 4033 ante
1236 3969 1300 4032 exi·

220 4080 292 4141 tum
315 4075 436 4141 saeculi
458 4075 531 4142 Vll.

243 4251 269 4321 ⁸)
295 4251 415 4324 [Priscae
446 4251 597 4308 latinitatis
629 4253 811 4307 monumenta
841 4249 1024 4323 epigraphica
1055 4253 1157 4340 (raca)
1190 4249 1299 4306 Indices

104 4413 114 4430 .
155 4359 183 4411 p.
198 4349 258 4396 ras.
280 4343 351 4413 lac]

607 4467 845 4476 .-.....———-·
