3282 5076
428 395 475 444 oa
499 393 675 444 servucno
700 395 879 444 rvnroavn
904 397 1120 447 rvscvnsuo.
1283 385 1346 450 261

200 539 409 625 Procilius,
446 537 667 640 prtuleius
708 537 911 624 Sextilius,
947 539 1177 607 Tantuleius
1214 543 1347 610 Tanti-

200 648 290 732 lius,
308 645 502 712 Tituleius
523 645 701 732 Titilius,
715 645 924 712 Venuleius
939 647 1129 735 Venilius‚
1144 649 1347 717 Vinuleius

199 754 388 839 Vinilius,
411 753 611 820 Vetuleius
626 751 803 819 Vetilius.
837 754 889 819 Ab
901 754 953 820 his
968 759 1077 820 autem
1097 756 1347 842 simplicissimis

199 863 402 948 maximeque
426 861 587 926 similibus
611 883 745 927 exorsus
769 883 841 926 sum
864 865 902 927 ut
925 862 1113 928 antecedere
1137 867 1252 948 aetate,
1281 886 1347 931 non

199 971 305 1036 dicam
329 970 459 1055 singule
480 969 613 1036 nomina
637 990 781 1054 quaeque
808 969 844 1032 in
865 969 931 1034 uus
953 971 1129 1036 terminata
1156 969 1348 1056 (potuerunt

200 1079 285 1144 enim
304 1077 462 1163 quaedam
481 1076 581 1142 etiam
600 1075 834 1161 posterioribus
854 1075 992 1141 saeculis
1010 1077 1163 1163 progigni
1182 1077 1224 1143 ad
1242 1099 1346 1142 exem·

198 1185 288 1270 plum
312 1182 544 1271 antiquitatis),
571 1188 606 1250 at
628 1182 712 1248 hanc
739 1183 846 1266 ipsam
874 1183 1070 1248 terminandi
1093 1183 1252 1248 rationem
1275 1184 1345 1248 uni-

199 1313 324 1356 versam
352 1294 440 1356 certa
467 1291 521 1357 via
553 1295 808 1376 argumentarer.
858 1287 950 1366 Quod
977 1311 1050 1356 cum
1079 1290 1159 1354 mihi
1187 1311 1266 1356 sane
1294 1292 1345 1358 vel

199 1419 270 1463 eam
285 1399 327 1463 ob
342 1411 490 1463 caussam
505 1397 549 1464 sit
562 1397 856 1481 persuasissimum,
874 1397 960 1482 quod
978 1397 1123 1482 linguam
1143 1395 1344 1463 intellexisse

199 1506 311 1572 videor
333 1527 398 1570 nou
422 1505 560 1571 crevisse
583 1505 618 1568 in
640 1503 812 1589 longarum
831 1503 994 1569 vocalium
1012 1503 1139 1588 pondus
1159 1525 1179 1568 a
1197 1504 1344 1569 brevium

196 1613 351 1697 exilitate,
374 1613 430 1678 sed
454 1613 494 1678 ed
515 1612 574 1677 has
593 1611 634 1676 ab
654 1611 721 1674 illis
741 1609 908 1693 delapsam
927 1629 1006 1693 esse,
1024 1614 1134 1674 tamen
1152 1631 1218 1676 non
1237 1611 1343 1677 minus

196 1720 290 1805 gravi
323 1741 360 1784 ac
387 1719 528 1788 fortasse
555 1717 703 1802 planiore
732 1718 923 1802 argumento
944 1714 1013 1779 'hoc
1040 1720 1123 1800 utor,
1155 1717 1241 1801 quod
1269 1739 1343 1784 ean·

196 1825 269 1891 dem
292 1827 438 1913 linguam
462 1825 528 1891 scio
551 1845 618 1890 non
642 1845 711 1889 esse
735 1844 887 1907 umquam
918 1822 960 1887 ab
983 1823 996 1886 i
1019 1821 1060 1886 ad
1082 1843 1105 1887 u
1127 1843 1344 1910 progressam,

195 1933 252 1998 sed
275 1932 438 1998 contrario
462 1931 575 2003 ordine
596 1951 619 1995 u
647 1927 794 1994 vocalem
821 1927 855 1992 in
882 1927 1064 1993 tenuiorem
1087 1929 1101 1992 i
1122 1933 1278 2016 mutasse,
1306 1935 1343 1997 ut

195 2040 230 2105 in
273 2041 560 2104 monumentum
600 2035 880 2101 testumonium
922 2035 1118 2119 caputalis
1159 2035 1343 2103 carnufex

195 2147 336 2232 opufex
364 2143 607 2231 magnuficus
636 2143 830 2229 signufico
854 2147 993 2227 atquae
1017 2147 1094 2208 sunt
1112 2141 1223 2208 affinia
1241 2165 1342 2228 prope

194 2252 453 2319 innumerabilia.
485 2251 579 2316 Vnde
602 2250 798 2336 perspicitur
820 2249 942 2334 triplici
965 2248 1185 2314 vicissitudine
1203 2272 1341 2335 quorun·

196 2360 271 2425 dam
295 2382 333 2424 ex
356 2358 422 2424 illis
446 2358 614 2423 nominum
632 2357 754 2422 formas
773 2355 820 2421 sie
839 2377 909 2420 sese
930 2355 1108 2439 excepisse:
1130 2355 1341 2422 Venuleius

193 2466 381 2532 Venulius
400 2464 588 2548 Venilius‚
606 2461 801 2528 Tituleiue
820 2461 994 2527 Titulius
1018 2461 1194 2548 Titilius,
1218 2461 1341 2530 Canu·

194 2575 296 2640 leius
319 2571 513 2640 Oanuleus
543 2567 645 2658 (quod
669 2573 726 2634 aut
749 2591 769 2634 a
791 2567 1001 2634 Canuleius
1029 2573 1087 2633 aut
1114 2591 1134 2633 a
1157 2568 1340 2637 Oanulius

194 2702 260 2746 uon
284 2677 405 2764 differt)
430 2675 617 2742 (lanilius.
654 2675 824 2761 Aquibus
848 2674 922 2758 alia,
945 2678 982 2739 ut
1005 2673 1204 2740 Amuleius
1228 2675 1340 2742 Amu-

193 2789 284 2872 lius,
317 2784 531 2870 Appuleius
559 2783 767 2868 Appulius,
798 2781 1011 2846 Rabuleius
1039 2780 1242 2868 Babulius,
1270 2782 1339 2850 Oa·
1458 2858 1462 2864 ,

193 2894 359 2960 muleius
383 2891 594 2976 Gamulius,
621 2889 851 2955 Herculeius
879 2887 1099 2973 Herculius,
1127 2887 1340 2958 Rabuleius

193 3002 398 3085 Rabulius,
423 2999 624 3065 Satureius
654 2996 846 3081 Saturius,
875 2994 1069 3064 Setuleius
1093 2994 1278 3083 Setulius,
1301 3021 1339 3065 eo

193 3112 324 3174 tantum
347 3107 509 3191 differunt,
532 3106 618 3191 quod
640 3105 675 3170 in
698 3105 804 3189 prima
822 3104 927 3169 forma
949 3125 987 3168 ac
1006 3105 1144 3169 secunda
1161 3105 1340 3171 subsistens

194 3213 393 3282 consuetudo
416 3235 483 3279 non
505 3216 555 3278 est
577 3212 616 3277 ad
639 3212 772 3277 tertiam
795 3231 977 3296 progressa.
1022 3210 1144 3276 Verum
1167 3233 1210 3278 ne
1230 3213 1265 3277 in
1287 3212 1339 3278 his

194 3321 323 3406 quidem
351 3319 617 3404 acquiescendum
645 3322 696 3383 cst
722 3317 778 3383 sed
806 3316 918 3382 eadem
946 3319 1101 3384 societate
1132 3318 1213 3383 illud
1235 3341 1338 3405 genus

193 3427 542 3512 comprehendendum,
570 3426 656 3513 quod
683 3425 753 3490 solo
780 3425 832 3490 vel
859 3423 1098 3509 geminatarum
1122 3425 1172 3489 rel
1194 3447 1261 3491 non
1284 3447 1338 3511 ge-

193 3535 388 3602 minatarum
417 3533 665 3600 consonantium
693 3531 878 3597 discrimine
906 3530 947 3595 ab
975 3529 1105 3594 illorum
1128 3531 1339 3598 similitudine

193 3643 303 3709 distat.
341 3642 419 3720 Quis
443 3645 493 3706 est
515 3641 602 3705 euim
625 3639 681 3726 qui
704 3639 746 3704 ab
770 3637 984 3722 Appuleius
1007 3637 1199 3722 Appuliua
1222 3637 1338 3704 formis

194 3770 367 3836 segregare
389 3748 571 3834 Apullius
595 3747 750 3832 Apilius
774 3746 916 3811 animum
939 3743 1094 3810 inducat?
1120 3743 1170 3809 vel
1193 3744 1336 3810 Babul-

194 3858 270 3923 lius
302 3856 502 3924 Babillius
539 3879 559 3921 a
589 3855 804 3921 Rabuleius
836 3851 1039 3938 Babulius,
1076 3847 1280 3918 Oanullius
1318 3875 1338 3917 a

194 3963 401 4030 Canuleius
426 3963 618 4030 Oanuleus
638 3960 827 4044 Oanilius,
851 3957 1058 4025 Camillius
1082 3953 1381 4032 aOamuleiusv1

194 4071 405 4156 Oamulius,
439 4069 646 4136 Rabullius
677 4091 697 4132 a
723 4066 937 4132 Rabuleius
964 4065 1169 4142 Rabulius‚
1201 4063 1336 4129 Venel-

193 4179 270 4244 lius
307 4201 327 4244 a
362 4177 571 4244 Venuleius
609 4173 794 4240 Venulius
830 4171 1020 4256 Venilius‚
1060 4169 1280 4237 Vettuleius
1317 4193 1337 4235 a

195 4285 396 4352 Vetuleiua
424 4283 606 4366 Vetilius,
637 4280 820 4366 Epullius
856 4280 898 4344 ab
924 4277 1153 4364 Eppuleius,
1189 4275 1336 4342 Vtilius

195 4393 235 4458 ab
252 4391 442 4476 Vtullius,
465 4388 657 4455 Romilius
680 4409 701 4453 a
722 4385 960 4452 Romullius‘?
991 4381 1061 4450 Nec
1079 4383 1165 4448 enim
1184 4404 1336 4468 umquam

193 4497 448 4566 obliviscendum
473 4499 523 4562 est
544 4495 724 4584 geminatas
748 4493 963 4558 consonantes
989 4491 1127 4558 latinum
1155 4513 1336 4558 sermonem
