3282 5076
566 361 820 412 conunnrsrro
844 364 992 412 struas.
1288 349 1351 415 207

208 503 416 584 potissimum
439 502 472 566 in
498 502 569 567 loco
594 503 752 588 integrior
771 505 859 590 olim,
881 505 945 570 nisi
965 505 1074 570 onmia
1090 505 1217 590 fallunt,
1240 528 1354 592 margo

208 608 341 672 sinistra
363 608 440 694 fuit,
464 609 592 694 quando
616 610 799 694 deperditas
822 611 917 678 hodie
936 635 965 676 v.
982 613 1022 676 12
1042 609 1094 676 OS
1117 612 1245 678 litteras
1265 593 1353 689 QVE
1464 637 1468 644 ’

209 717 278 780 voci
310 717 506 800 praemissas
539 718 739 802 antiquiores
776 719 831 804 qui
864 719 1005 804 lapidem
1037 719 1187 786 viderunt
1216 721 1354 786 editores

207 827 370 890 testantur
389 847 514 890 ornnes:
538 825 685 911 idemque
703 826 738 891 in
756 825 785 890 Α
804 827 948 890 litteram
966 826 1164 892 mAXlMOS
1183 828 1272 894 vocis
1291 829 1353 892 ab

208 931 306 1016 eadit,
334 931 476 998 sortasse
505 933 604 998 etiam
631 933 664 998 in
687 933 714 997 L
740 938 816 1018 post
838 932 958 999 MACE
987 935 1021 998 in
1048 935 1111 999 fine
1135 957 1163 999 v.
1182 935 1212 999 4.
1258 934 1353 1000 Prae·

206 1042 295 1104 terea
319 1040 443 1126 aliquid
467 1041 651 1118 litterarum
675 1041 727 1104 vel
750 1041 859 1125 potius
884 1041 1025 1125 apicum,
1050 1061 1161 1105 rerum
1181 1041 1214 1106 id
1233 1041 1353 1125 pauxil-

206 1146 321 1232 lulum,
349 1147 415 1213 ima
436 1167 549 1233 margo
573 1148 651 1212 olim
676 1149 819 1213 servavit
842 1169 926 1212 nuno
949 1149 1106 1214 avulsum.
1152 1147 1228 1214 Non
1250 1149 1352 1233 loqui·

207 1275 279 1318 mur
296 1253 335 1318 de
355 1277 449 1319 versu
469 1255 522 1320 18:
546 1255 581 1318 in
600 1275 664 1338 quo
683 1254 767 1338 quod
786 1255 837 1319 vel
856 1251 1095 1320 OARTAOINI
1123 1256 1173 1320 vel
1193 1253 1352 1320 GARTA-

206 1358 401 1426 CINIENSI
425 1361 476 1425 vel
500 1360 580 1426 adeo
600 1359 940 1428 CARTAOINIENSI
955 1398 961 1410 ·
976 1362 1008 1428 N
1027 1361 1157 1446 quidam
1176 1362 1353 1446 ediderunt,

206 1471 342 1550 apparet
369 1489 423 1533 eos
450 1471 524 1552 post
552 1466 698 1534 OARTA
726 1490 810 1534 nune
843 1468 971 1534 residua
1001 1470 1142 1554 vestigia
1168 1471 1351 1535 litterarum

204 1573 382 1638 exilissima
404 1574 496 1639 illam
519 1575 554 1639 in
576 1579 717 1658 partem,
740 1597 799 1640 nee
822 1575 855 1639 id
878 1576 994 1662 inepte,
1016 1577 1249 1661 interpretatos
1272 1595 1351 1640 esse.

205 1677 268 1744 Sed
296 1681 399 1746 eidem
431 1703 503 1746 oum
531 1701 625 1743 versu
652 1681 690 1744 19
724 1683 868 1746 extremo
901 1704 966 1748 non
998 1687 1127 1748 tantum
1154 1680 1267 1747 ΟΑΡΤ
1299 1681 1350 1747 vel

204 1785 318 1851 GART
342 1787 392 1852 vel
405 1785 554 1852 uARTA
577 1787 798 1870 prodiderunt,
821 1809 957 1873 quarum
979 1788 1163 1853 litterarum
1182 1789 1260 1854 item
1280 1811 1350 1873 per-

97 1938 102 1956 ,
202 1897 316 1958 tenues
344 1895 499 1980 reliquiae
528 1898 715 1978 supersunt,
748 1895 803 1958 sed
831 1898 999 1980 praeterea
1025 1896 1071 1961 EI
1099 1894 1197 1982 (unus
1220 1895 1350 1981 Lipsius

203 1999 288 2086 ms)
311 2001 438 2066 litteras
461 2001 710 2086 praemiserunt,
733 2001 792 2066 has
817 2001 946 2085 quidem
970 2001 1067 2067 hodie
1086 2002 1268 2088 deperditas
1291 2004 1349 2069 ali-

203 2107 276 2172 eubi
300 2109 377 2174 olim
402 2109 566 2173 exstitisse
590 2108 644 2172 vix
667 2109 772 2172 ausim
790 2129 919 2194 negare.
948 2107 1151 2194 Quamquam
1173 2111 1229 2175 ubi
1253 2112 1349 2177 exsti-

202 2216 315 2298 terint,
338 2239 453 2299 parum
477 2215 693 2299 exploratum:
725 2215 829 2280 tribus
857 2217 942 2280 enim
972 2217 1110 2282 testibus
1134 2217 1350 2304 'l‘rameuzina

202 2319 347 2386 Lafrerio
380 2322 525 2407 falsaque
557 2321 706 2386 miscenti
737 2321 850 2406 Lipsio
883 2323 911 2386 si
944 2323 1116 2408 eredimus,
1153 2325 1205 2390 hio
1238 2347 1349 2392 eorum

202 2427 293 2493 loeus
316 2428 379 2493 fuit
593 2425 962 2514 CARTAOINIOENSI)

588 2569 594 2580 ·
615 2569 727 2582 ·····
747 2532 846 2618 Eut)
866 2571 871 2582 ·
893 2570 899 2582 ·
920 2571 925 2582 ·
946 2569 952 2583 ·

201 2640 286 2726 quod
311 2645 425 2705 eontra
449 2639 638 2705 Ciaoeonius
662 2642 708 2706 sie
732 2647 873 2706 testatus
897 2647 962 2706 est:

667 2747 879 2813 PRAEDAD

201 3091 314 3153 parum
335 3071 367 3135 id
392 3069 519 3156 quidem
544 3069 770 3154 probabiliter3
799 3093 931 3153 prorsus
959 3076 1066 3138 autem
1096 3079 1224 3159 praeter
1246 3077 1343 3142 ratio-

201 3199 275 3240 nem
297 3176 474 3242 Manutius:
707 3176 843 3241 POPLO

200 3496 300 3561 Vides
322 3497 397 3581 hoo,
425 3519 625 3583 quocumque
649 3496 744 3562 modo
769 3519 803 3561 se
826 3497 956 3583 habuit,
985 3481 1081 3584 quam
1110 3501 1154 3564 sit
1181 3501 1345 3568 levidense

199 3608 234 3668 et
255 3605 376 3669 nullius
399 3606 556 3670 momenti
580 3605 620 3668 ad
643 3603 791 3668 tabulam
819 3605 1002 3670 universam
1030 3605 1192 3690 probabili
1216 3610 1344 3693 supple·

199 3714 309 3775 mento
337 3711 634 3776 reconcinnandam.
679 3709 718 3775 In
742 3733 805 3796 quo
829 3713 962 3796 negotio
986 3713 1063 3797 tria,
1094 3715 1122 3778 ei
1145 3715 1221 3798 quid
1243 3716 1345 3798 video,

198 3817 288 3881 nullo
312 3817 407 3880 modo
430 3817 630 3902 neglegenda
659 3821 748 3884 sunt:
778 3819 931 3904 primum,
958 3841 1052 3885 versu
1076 3821 1097 3884 3
1125 3825 1200 3903 post
1222 3819 1344 3886 MACI-

199 3919 395 3988 STRATOS
418 3945 585 4006 superesse
613 3928 671 3988 aut
694 3923 719 3988 L
743 3929 799 3990 aut
822 3925 850 3990 E
875 3927 1004 3992 litterae
1027 3927 1153 4012 pedem,
1183 3927 1267 3990 unde
1290 3928 1342 3992 vix

198 4029 332 4094 dubium
356 4029 433 4114 quin
456 4029 619 4094 EOROM
641 4035 785 4096 secutum
810 4033 854 4098 sit
877 4057 1010 4117 prorsus
1035 4033 1075 4097 ad
1098 4032 1341 4098 similitudinem

199 4137 328 4202 illorum
347 4159 429 4221 quae
448 4141 524 4202 sunt
543 4161 571 4202 v.
593 4139 633 4202 10
655 4137 942 4204 DICTATORED
957 4175 963 4188 ·
979 4139 1173 4206 OLOROM:
1198 4139 1342 4223 alterum,

199 4241 335 4307 SEPTE
367 4243 485 4308 litteris
514 4265 625 4308 versus
652 4246 690 4308 11
720 4267 784 4310 non
813 4247 909 4312 aliam
938 4247 1000 4312 nisi
1024 4247 1054 4312 R
1076 4248 1275 4329 'continuari,
1306 4253 1344 4312 ut

197 4371 263 4438 non
282 4351 325 4414 sit
343 4351 381 4414 de
396 4348 564 4415 SOOlElS
579 4385 585 4398 ·
601 4349 786 4416 SEPTEM
795 4388 801 4400 ·
816 4355 1026 4421 MILEBOS
1047 4355 1264 4442 cogitandum,
1287 4357 1343 4420 sed

198 4455 237 4519 de
261 4479 326 4520 uua
349 4457 477 4538 tortori
501 4459 557 4523 illa
580 4480 643 4540 qua
666 4459 829 4543 aufugisse
854 4461 1071 4527 Hannibalem
1092 4463 1245 4547 Polybius
1269 4485 1341 4528 eum
