<?xml version="1.0" encoding="UTF-8"?>
<!DOCTYPE html PUBLIC "-//W3C//DTD XHTML 1.0 Transitional//EN"
    "http://www.w3.org/TR/xhtml1/DTD/xhtml1-transitional.dtd">
<html xmlns="http://www.w3.org/1999/xhtml" xml:lang="en" lang="en">
 <head>
  <title>
</title>
<meta http-equiv="Content-Type" content="text/html;charset=utf-8" />
  <meta name='ocr-system' content='tesseract 3.04.00' />
  <meta name='ocr-capabilities' content='ocr_page ocr_carea ocr_par ocr_line ocrx_word'/>
</head>
<body>
  <div class='ocr_page' id='page_1' title='image "./fridericiritsch08wachgoog/fridericiritsch08wachgoog_0213.png"; bbox 0 0 3282 5076; ppageno 0'>
   <div class='ocr_carea' id='block_1_1' title="bbox 307 376 1303 444">
    <p class='ocr_par' dir='ltr' id='par_1_1' title="bbox 307 376 1303 444">
     <span class='ocr_line' id='line_1_1' title="bbox 307 376 1303 444; baseline 0 -5"><span class='ocrx_word' id='word_1_1' title='bbox 307 376 369 440; x_wconf 89' lang='lat'>190</span> <span class='ocrx_word' id='word_1_2' title='bbox 451 395 599 443; x_wconf 78' lang='lat' dir='ltr'>rrrvnvs</span> <span class='ocrx_word' id='word_1_3' title='bbox 623 395 814 444; x_wconf 82' lang='lat' dir='ltr'>convuusn</span> <span class='ocrx_word' id='word_1_4' title='bbox 839 395 1045 443; x_wconf 70' lang='lat' dir='ltr'>secerneres</span> <span class='ocrx_word' id='word_1_5' title='bbox 1068 393 1303 442; x_wconf 79' lang='lat' dir='ltr'>nvennmusn.</span> 
     </span>
    </p>
   </div>
   <div class='ocr_carea' id='block_1_2' title="bbox 166 535 1451 3286">
    <p class='ocr_par' dir='ltr' id='par_1_2' title="bbox 252 535 1450 1048">
     <span class='ocr_line' id='line_1_2' title="bbox 252 535 1449 620; baseline 0.001 -21"><span class='ocrx_word' id='word_1_6' title='bbox 252 563 258 570; x_wconf 91' lang='lat'>·</span> <span class='ocrx_word' id='word_1_7' title='bbox 303 536 435 620; x_wconf 81' lang='lat' dir='ltr'>vulgato</span> <span class='ocrx_word' id='word_1_8' title='bbox 459 537 518 601; x_wconf 90' lang='lat' dir='ltr'>tali</span> <span class='ocrx_word' id='word_1_9' title='bbox 541 537 668 602; x_wconf 83' lang='lat' dir='ltr'>libello:</span> <span class='ocrx_word' id='word_1_10' title='bbox 698 538 881 602; x_wconf 82' lang='lat' dir='ltr'>‘Iscrizione</span> <span class='ocrx_word' id='word_1_11' title='bbox 909 537 997 603; x_wconf 90' lang='lat' dir='ltr'>della</span> <span class='ocrx_word' id='word_1_12' title='bbox 1025 539 1102 602; x_wconf 88' lang='lat' dir='ltr'>base</span> <span class='ocrx_word' id='word_1_13' title='bbox 1125 535 1213 600; x_wconf 86' lang='lat' dir='ltr'>della</span> <span class='ocrx_word' id='word_1_14' title='bbox 1238 535 1376 600; x_wconf 88' lang='lat' dir='ltr'>colonna</span> <span class='ocrx_word' id='word_1_15' title='bbox 1399 559 1449 600; x_wconf 89' lang='lat' dir='ltr'>ro·</span> 
     </span>
     <span class='ocr_line' id='line_1_3' title="bbox 304 642 1449 729; baseline 0.002 -24"><span class='ocrx_word' id='word_1_16' title='bbox 304 645 421 726; x_wconf 86' lang='lat' dir='ltr'>strata,</span> <span class='ocrx_word' id='word_1_17' title='bbox 449 643 503 727; x_wconf 78' lang='lat' dir='ltr'>giis</span> <span class='ocrx_word' id='word_1_18' title='bbox 531 643 584 708; x_wconf 89' lang='lat' dir='ltr'>nel</span> <span class='ocrx_word' id='word_1_19' title='bbox 612 644 684 709; x_wconf 86' lang='lat' dir='ltr'>foro</span> <span class='ocrx_word' id='word_1_20' title='bbox 708 645 869 729; x_wconf 88' lang='lat' dir='ltr'>Romano,</span> <span class='ocrx_word' id='word_1_21' title='bbox 897 645 1042 728; x_wconf 87' lang='lat' dir='ltr'>snpplita</span> <span class='ocrx_word' id='word_1_22' title='bbox 1070 643 1108 708; x_wconf 91' lang='lat' dir='ltr'>ed</span> <span class='ocrx_word' id='word_1_23' title='bbox 1131 642 1336 726; x_wconf 82' lang='lat' dir='ltr'>illustrata&#39;,·</span> <span class='ocrx_word' id='word_1_24' title='bbox 1354 665 1449 727; x_wconf 89' lang='lat' dir='ltr'>quem</span> 
     </span>
     <span class='ocr_line' id='line_1_4' title="bbox 303 748 1450 836; baseline 0.001 -25"><span class='ocrx_word' id='word_1_25' title='bbox 303 748 440 812; x_wconf 90' lang='lat' dir='ltr'>latinum</span> <span class='ocrx_word' id='word_1_26' title='bbox 468 748 546 814; x_wconf 82' lang='lat' dir='ltr'>fecit</span> <span class='ocrx_word' id='word_1_27' title='bbox 570 751 775 816; x_wconf 87' lang='lat' dir='ltr'>Abrahamus</span> <span class='ocrx_word' id='word_1_28' title='bbox 803 751 1009 836; x_wconf 84' lang='lat' dir='ltr'>Preigerus</span> <span class='ocrx_word' id='word_1_29' title='bbox 1038 751 1072 814; x_wconf 92' lang='lat' dir='ltr'>in</span> <span class='ocrx_word' id='word_1_30' title='bbox 1101 749 1232 814; x_wconf 80' lang='lat' dir='ltr'><strong>Graevii</strong></span> <span class='ocrx_word' id='word_1_31' title='bbox 1260 749 1450 813; x_wconf 90' lang='lat' dir='ltr'>Burmanni·</span> 
     </span>
     <span class='ocr_line' id='line_1_5' title="bbox 304 847 1449 941; baseline 0.001 -24"><span class='ocrx_word' id='word_1_32' title='bbox 304 875 364 937; x_wconf 91' lang='lat' dir='ltr'>que</span> <span class='ocrx_word' id='word_1_33' title='bbox 379 847 472 920; x_wconf 78' lang='lat' dir='ltr'>Thes.</span> <span class='ocrx_word' id='word_1_34' title='bbox 488 855 588 940; x_wconf 84' lang='lat' dir='ltr'>antiq.</span> <span class='ocrx_word' id='word_1_35' title='bbox 608 860 641 919; x_wconf 90' lang='lat' dir='ltr'>et</span> <span class='ocrx_word' id='word_1_36' title='bbox 658 855 733 921; x_wconf 84' lang='lat' dir='ltr'>hist</span> <span class='ocrx_word' id='word_1_37' title='bbox 756 857 831 922; x_wconf 84' lang='lat' dir='ltr'>Ital.</span> <span class='ocrx_word' id='word_1_38' title='bbox 854 859 934 923; x_wconf 89' lang='lat' dir='ltr'>tomi</span> <span class='ocrx_word' id='word_1_39' title='bbox 953 855 999 922; x_wconf 85' lang='lat' dir='ltr'>IX</span> <span class='ocrx_word' id='word_1_40' title='bbox 1023 861 1117 941; x_wconf 90' lang='lat' dir='ltr'>parte</span> <span class='ocrx_word' id='word_1_41' title='bbox 1132 855 1226 940; x_wconf 92' lang='lat' dir='ltr'>VIII,</span> <span class='ocrx_word' id='word_1_42' title='bbox 1249 855 1316 919; x_wconf 90' lang='lat' dir='ltr'>fere</span> <span class='ocrx_word' id='word_1_43' title='bbox 1339 856 1373 919; x_wconf 92' lang='lat' dir='ltr'>in</span> <span class='ocrx_word' id='word_1_44' title='bbox 1396 877 1449 919; x_wconf 88' lang='lat' dir='ltr'>va·</span> 
     </span>
     <span class='ocr_line' id='line_1_6' title="bbox 303 960 1448 1048; baseline 0.001 -24"><span class='ocrx_word' id='word_1_45' title='bbox 303 960 415 1025; x_wconf 82' lang='lat' dir='ltr'>tiendo</span> <span class='ocrx_word' id='word_1_46' title='bbox 438 983 585 1026; x_wconf 77' lang='lat' dir='ltr'>sermone</span> <span class='ocrx_word' id='word_1_47' title='bbox 608 967 735 1027; x_wconf 90' lang='lat' dir='ltr'>tantum</span> <span class='ocrx_word' id='word_1_48' title='bbox 759 963 935 1048; x_wconf 86' lang='lat' dir='ltr'>leviterque</span> <span class='ocrx_word' id='word_1_49' title='bbox 954 962 1117 1026; x_wconf 90' lang='lat' dir='ltr'>mutandis</span> <span class='ocrx_word' id='word_1_50' title='bbox 1136 962 1366 1028; x_wconf 83' lang='lat' dir='ltr'>vocabulorum</span> <span class='ocrx_word' id='word_1_51' title='bbox 1384 961 1448 1026; x_wconf 84' lang='lat' dir='ltr'>for·</span> 
     </span>
    </p>

    <p class='ocr_par' dir='ltr' id='par_1_3' title="bbox 166 1066 1451 3286">
     <span class='ocr_line' id='line_1_7' title="bbox 166 1066 1448 1155; baseline 0.005 -28"><span class='ocrx_word' id='word_1_52' title='bbox 166 1077 172 1084; x_wconf 85' lang='grc'><em>“</em></span> <span class='ocrx_word' id='word_1_53' title='bbox 264 1089 290 1128; x_wconf 80' lang='lat' dir='ltr'>ro</span> <span class='ocrx_word' id='word_1_54' title='bbox 303 1068 366 1132; x_wconf 90' lang='lat' dir='ltr'>mis</span> <span class='ocrx_word' id='word_1_55' title='bbox 389 1068 581 1152; x_wconf 89' lang='lat' dir='ltr'>quibusdam</span> <span class='ocrx_word' id='word_1_56' title='bbox 605 1091 625 1133; x_wconf 87' lang='lat' dir='ltr'>a</span> <span class='ocrx_word' id='word_1_57' title='bbox 648 1067 811 1134; x_wconf 83' lang='lat' dir='ltr'>Giecconii</span> <span class='ocrx_word' id='word_1_58' title='bbox 836 1069 1068 1154; x_wconf 76' lang='lat' dir='ltr'>supplementis</span> <span class='ocrx_word' id='word_1_59' title='bbox 1097 1066 1292 1155; x_wconf 83' lang='lat' dir='ltr'>discessit*),</span> <span class='ocrx_word' id='word_1_60' title='bbox 1321 1091 1380 1134; x_wconf 90' lang='lat' dir='ltr'>nec</span> <span class='ocrx_word' id='word_1_61' title='bbox 1409 1069 1448 1133; x_wconf 85' lang='lat' dir='ltr'>ad</span> 
     </span>
     <span class='ocr_line' id='line_1_8' title="bbox 304 1175 1449 1261; baseline 0 -22"><span class='ocrx_word' id='word_1_62' title='bbox 304 1175 517 1239; x_wconf 87' lang='lat' dir='ltr'>enarrandum</span> <span class='ocrx_word' id='word_1_63' title='bbox 540 1175 672 1240; x_wconf 91' lang='lat' dir='ltr'>titulum</span> <span class='ocrx_word' id='word_1_64' title='bbox 697 1177 869 1260; x_wconf 90' lang='lat' dir='ltr'>quicquam</span> <span class='ocrx_word' id='word_1_65' title='bbox 899 1177 1037 1241; x_wconf 88' lang='lat' dir='ltr'>contulit</span> <span class='ocrx_word' id='word_1_66' title='bbox 1060 1199 1122 1261; x_wconf 94' lang='lat' dir='ltr'>qno</span> <span class='ocrx_word' id='word_1_67' title='bbox 1146 1177 1215 1242; x_wconf 87' lang='lat' dir='ltr'>fieri</span> <span class='ocrx_word' id='word_1_68' title='bbox 1239 1197 1355 1260; x_wconf 80' lang='lat' dir='ltr'>operae</span> <span class='ocrx_word' id='word_1_69' title='bbox 1378 1197 1449 1259; x_wconf 93' lang='lat' dir='ltr'>pre·</span> 
     </span>
     <span class='ocr_line' id='line_1_9' title="bbox 302 1281 1448 1368; baseline 0.003 -23"><span class='ocrx_word' id='word_1_70' title='bbox 302 1281 384 1345; x_wconf 93' lang='lat' dir='ltr'>tium</span> <span class='ocrx_word' id='word_1_71' title='bbox 407 1281 600 1346; x_wconf 85' lang='lat' dir='ltr'>censendum</span> <span class='ocrx_word' id='word_1_72' title='bbox 624 1282 676 1347; x_wconf 90' lang='lat' dir='ltr'>sit.</span> <span class='ocrx_word' id='word_1_73' title='bbox 723 1283 926 1368; x_wconf 81' lang='lat' dir='ltr'>Quamquam</span> <span class='ocrx_word' id='word_1_74' title='bbox 949 1285 1056 1368; x_wconf 91' lang='lat' dir='ltr'>ipsum</span> <span class='ocrx_word' id='word_1_75' title='bbox 1080 1306 1157 1349; x_wconf 87' lang='lat' dir='ltr'>sane</span> <span class='ocrx_word' id='word_1_76' title='bbox 1180 1284 1320 1368; x_wconf 88' lang='lat' dir='ltr'>lapidem</span> <span class='ocrx_word' id='word_1_77' title='bbox 1345 1285 1386 1348; x_wconf 93' lang='lat' dir='ltr'>ab</span> <span class='ocrx_word' id='word_1_78' title='bbox 1410 1305 1448 1349; x_wconf 88' lang='lat' dir='ltr'>eo</span> 
     </span>
     <span class='ocr_line' id='line_1_10' title="bbox 304 1387 1449 1476; baseline 0.003 -24"><span class='ocrx_word' id='word_1_79' title='bbox 304 1387 523 1453; x_wconf 87' lang='lat' dir='ltr'>examinatum</span> <span class='ocrx_word' id='word_1_80' title='bbox 547 1409 617 1454; x_wconf 89' lang='lat' dir='ltr'>esse</span> <span class='ocrx_word' id='word_1_81' title='bbox 641 1411 713 1454; x_wconf 89' lang='lat' dir='ltr'>cum</span> <span class='ocrx_word' id='word_1_82' title='bbox 741 1393 829 1454; x_wconf 88' lang='lat' dir='ltr'>carto</span> <span class='ocrx_word' id='word_1_83' title='bbox 858 1395 1047 1475; x_wconf 84' lang='lat' dir='ltr'>argumento</span> <span class='ocrx_word' id='word_1_84' title='bbox 1072 1391 1272 1476; x_wconf 82' lang='lat' dir='ltr'>intellegitur</span> <span class='ocrx_word' id='word_1_85' title='bbox 1302 1391 1335 1454; x_wconf 91' lang='lat' dir='ltr'>in</span> <span class='ocrx_word' id='word_1_86' title='bbox 1365 1390 1449 1476; x_wconf 90' lang='lat' dir='ltr'>quod</span> 
     </span>
     <span class='ocr_line' id='line_1_11' title="bbox 303 1493 1449 1583; baseline 0.004 -25"><span class='ocrx_word' id='word_1_87' title='bbox 303 1493 388 1558; x_wconf 79' lang='lat' dir='ltr'>infra</span> <span class='ocrx_word' id='word_1_88' title='bbox 415 1493 534 1560; x_wconf 90' lang='lat' dir='ltr'>incidet</span> <span class='ocrx_word' id='word_1_89' title='bbox 566 1495 685 1580; x_wconf 90' lang='lat' dir='ltr'>oratio,</span> <span class='ocrx_word' id='word_1_90' title='bbox 716 1499 787 1560; x_wconf 91' lang='lat' dir='ltr'>tum</span> <span class='ocrx_word' id='word_1_91' title='bbox 817 1497 918 1581; x_wconf 90' lang='lat' dir='ltr'>ipsius</span> <span class='ocrx_word' id='word_1_92' title='bbox 952 1498 1140 1562; x_wconf 89' lang='lat' dir='ltr'>testimonio</span> <span class='ocrx_word' id='word_1_93' title='bbox 1173 1501 1303 1562; x_wconf 86' lang='lat' dir='ltr'>constat</span> <span class='ocrx_word' id='word_1_94' title='bbox 1331 1521 1348 1561; x_wconf 90' lang='lat' dir='ltr'>e</span> <span class='ocrx_word' id='word_1_95' title='bbox 1376 1520 1449 1583; x_wconf 89' lang='lat' dir='ltr'>qno,</span> 
     </span>
     <span class='ocr_line' id='line_1_12' title="bbox 302 1599 1449 1688; baseline 0.003 -24"><span class='ocrx_word' id='word_1_96' title='bbox 302 1599 407 1684; x_wconf 88' lang='lat' dir='ltr'>qualis</span> <span class='ocrx_word' id='word_1_97' title='bbox 430 1605 507 1666; x_wconf 90' lang='lat' dir='ltr'>tunc</span> <span class='ocrx_word' id='word_1_98' title='bbox 530 1603 702 1668; x_wconf 91' lang='lat' dir='ltr'>marmoris</span> <span class='ocrx_word' id='word_1_99' title='bbox 721 1603 866 1668; x_wconf 91' lang='lat' dir='ltr'>condicio</span> <span class='ocrx_word' id='word_1_100' title='bbox 885 1604 996 1688; x_wconf 88' lang='lat' dir='ltr'>fuerit,</span> <span class='ocrx_word' id='word_1_101' title='bbox 1020 1605 1188 1669; x_wconf 89' lang='lat' dir='ltr'>commode</span> <span class='ocrx_word' id='word_1_102' title='bbox 1205 1604 1350 1668; x_wconf 86' lang='lat' dir='ltr'>discitur.</span> <span class='ocrx_word' id='word_1_103' title='bbox 1387 1603 1449 1680; x_wconf 87' lang='lat' dir='ltr'>Qui</span> 
     </span>
     <span class='ocr_line' id='line_1_13' title="bbox 303 1706 1450 1794; baseline 0.002 -22"><span class='ocrx_word' id='word_1_104' title='bbox 303 1706 358 1772; x_wconf 92' lang='lat' dir='ltr'>uhi</span> <span class='ocrx_word' id='word_1_105' title='bbox 382 1707 420 1772; x_wconf 88' lang='lat' dir='ltr'>de</span> <span class='ocrx_word' id='word_1_106' title='bbox 443 1709 540 1774; x_wconf 90' lang='lat' dir='ltr'>titulo</span> <span class='ocrx_word' id='word_1_107' title='bbox 564 1711 596 1774; x_wconf 90' lang='lat' dir='ltr'>in</span> <span class='ocrx_word' id='word_1_108' title='bbox 620 1711 775 1776; x_wconf 85' lang='lat' dir='ltr'>honorem</span> <span class='ocrx_word' id='word_1_109' title='bbox 799 1709 921 1774; x_wconf 88' lang='lat' dir='ltr'>Duellii</span> <span class='ocrx_word' id='word_1_110' title='bbox 943 1711 1030 1775; x_wconf 87' lang='lat' dir='ltr'>facto</span> <span class='ocrx_word' id='word_1_111' title='bbox 1053 1710 1215 1794; x_wconf 71' lang='lat' dir='ltr'>dissentit,</span> <span class='ocrx_word' id='word_1_112' title='bbox 1248 1709 1378 1774; x_wconf 80' lang='lat' dir='ltr'>‘exstat&#39;</span> <span class='ocrx_word' id='word_1_113' title='bbox 1403 1711 1450 1774; x_wconf 90' lang='lat' dir='ltr'>ait</span> 
     </span>
     <span class='ocr_line' id='line_1_14' title="bbox 303 1811 1449 1901; baseline 0.004 -25"><span class='ocrx_word' id='word_1_114' title='bbox 303 1811 377 1878; x_wconf 79' lang='lat' dir='ltr'>‘iste</span> <span class='ocrx_word' id='word_1_115' title='bbox 400 1815 516 1880; x_wconf 85' lang='lat' dir='ltr'>titulus</span> <span class='ocrx_word' id='word_1_116' title='bbox 538 1817 574 1880; x_wconf 94' lang='lat' dir='ltr'>in</span> <span class='ocrx_word' id='word_1_117' title='bbox 598 1817 668 1881; x_wconf 88' lang='lat' dir='ltr'>basi</span> <span class='ocrx_word' id='word_1_118' title='bbox 691 1811 888 1901; x_wconf 64' lang='lat' dir='ltr'>marmorea,</span> <span class='ocrx_word' id='word_1_119' title='bbox 907 1818 966 1881; x_wconf 89' lang='lat' dir='ltr'>cui</span> <span class='ocrx_word' id='word_1_120' title='bbox 990 1817 1167 1882; x_wconf 82' lang='lat' dir='ltr'>columne</span> <span class='ocrx_word' id='word_1_121' title='bbox 1191 1839 1287 1901; x_wconf 92' lang='lat' dir='ltr'>quam</span> <span class='ocrx_word' id='word_1_122' title='bbox 1313 1817 1449 1881; x_wconf 83' lang='lat' dir='ltr'>dicimus</span> 
     </span>
     <span class='ocr_line' id='line_1_15' title="bbox 304 1919 1450 2008; baseline 0.004 -25"><span class='ocrx_word' id='word_1_123' title='bbox 304 1919 349 2000; x_wconf 89' lang='lat' dir='ltr'>[h.</span> <span class='ocrx_word' id='word_1_124' title='bbox 368 1943 393 1986; x_wconf 86' lang='lat' dir='ltr'>e.</span> <span class='ocrx_word' id='word_1_125' title='bbox 413 1928 666 1988; x_wconf 88' lang='lat' dir='ltr'>commemorata</span> <span class='ocrx_word' id='word_1_126' title='bbox 684 1946 704 1987; x_wconf 88' lang='lat' dir='ltr'>a</span> <span class='ocrx_word' id='word_1_127' title='bbox 723 1924 950 2008; x_wconf 79' lang='lat' dir='ltr'>scriptoribus]</span> <span class='ocrx_word' id='word_1_128' title='bbox 975 1923 1160 2007; x_wconf 84' lang='lat' dir='ltr'>imposita</span> <span class='ocrx_word' id='word_1_129' title='bbox 1183 1923 1304 1988; x_wconf 88' lang='lat' dir='ltr'>fuisse</span> <span class='ocrx_word' id='word_1_130' title='bbox 1327 1923 1450 1988; x_wconf 87' lang='lat' dir='ltr'>debet</span> 
     </span>
     <span class='ocr_line' id='line_1_16' title="bbox 302 2025 1449 2113; baseline 0.004 -24"><span class='ocrx_word' id='word_1_131' title='bbox 302 2025 398 2092; x_wconf 88' lang='lat' dir='ltr'>Basis</span> <span class='ocrx_word' id='word_1_132' title='bbox 423 2033 531 2093; x_wconf 88' lang='lat' dir='ltr'>autem</span> <span class='ocrx_word' id='word_1_133' title='bbox 555 2026 652 2113; x_wconf 82' lang='lat' dir='ltr'>(qnae</span> <span class='ocrx_word' id='word_1_134' title='bbox 675 2029 816 2112; x_wconf 89' lang='lat' dir='ltr'>undique</span> <span class='ocrx_word' id='word_1_135' title='bbox 840 2029 961 2093; x_wconf 90' lang='lat' dir='ltr'>detrita</span> <span class='ocrx_word' id='word_1_136' title='bbox 991 2029 1086 2112; x_wconf 89' lang='lat' dir='ltr'>inque</span> <span class='ocrx_word' id='word_1_137' title='bbox 1109 2029 1218 2112; x_wconf 91' lang='lat' dir='ltr'>plures</span> <span class='ocrx_word' id='word_1_138' title='bbox 1242 2033 1351 2112; x_wconf 88' lang='lat' dir='ltr'>partes</span> <span class='ocrx_word' id='word_1_139' title='bbox 1375 2051 1449 2094; x_wconf 87' lang='lat' dir='ltr'>con·</span> 
     </span>
     <span class='ocr_line' id='line_1_17' title="bbox 302 2133 1450 2220; baseline 0.004 -24"><span class='ocrx_word' id='word_1_140' title='bbox 302 2133 408 2198; x_wconf 89' lang='lat' dir='ltr'>fracta</span> <span class='ocrx_word' id='word_1_141' title='bbox 432 2157 469 2198; x_wconf 92' lang='lat' dir='ltr'>ac</span> <span class='ocrx_word' id='word_1_142' title='bbox 492 2134 669 2199; x_wconf 86' lang='lat' dir='ltr'>dilacerate</span> <span class='ocrx_word' id='word_1_143' title='bbox 692 2139 742 2198; x_wconf 88' lang='lat' dir='ltr'>est</span> <span class='ocrx_word' id='word_1_144' title='bbox 769 2157 827 2217; x_wconf 87' lang='lat' dir='ltr'>per</span> <span class='ocrx_word' id='word_1_145' title='bbox 854 2136 1010 2219; x_wconf 90' lang='lat' dir='ltr'>temporis</span> <span class='ocrx_word' id='word_1_146' title='bbox 1039 2157 1075 2200; x_wconf 92' lang='lat' dir='ltr'>ac</span> <span class='ocrx_word' id='word_1_147' title='bbox 1099 2135 1266 2200; x_wconf 88' lang='lat' dir='ltr'>ruinarum</span> <span class='ocrx_word' id='word_1_148' title='bbox 1288 2135 1450 2220; x_wconf 87' lang='lat' dir='ltr'>iniuriam,</span> 
     </span>
     <span class='ocr_line' id='line_1_18' title="bbox 304 2239 1451 2326; baseline 0.002 -21"><span class='ocrx_word' id='word_1_149' title='bbox 304 2239 384 2305; x_wconf 85' lang='lat' dir='ltr'>adeo</span> <span class='ocrx_word' id='word_1_150' title='bbox 411 2244 449 2304; x_wconf 93' lang='lat' dir='ltr'>ut</span> <span class='ocrx_word' id='word_1_151' title='bbox 476 2261 540 2306; x_wconf 92' lang='lat' dir='ltr'>non</span> <span class='ocrx_word' id='word_1_152' title='bbox 569 2239 673 2306; x_wconf 88' lang='lat' dir='ltr'>solum</span> <span class='ocrx_word' id='word_1_153' title='bbox 702 2242 879 2324; x_wconf 89' lang='lat' dir='ltr'>scripturae</span> <span class='ocrx_word' id='word_1_154' title='bbox 911 2242 1106 2326; x_wconf 90' lang='lat' dir='ltr'>principium</span> <span class='ocrx_word' id='word_1_155' title='bbox 1140 2263 1177 2306; x_wconf 86' lang='lat' dir='ltr'>ac</span> <span class='ocrx_word' id='word_1_156' title='bbox 1210 2241 1300 2324; x_wconf 87' lang='lat' dir='ltr'>finis,</span> <span class='ocrx_word' id='word_1_157' title='bbox 1333 2243 1389 2307; x_wconf 89' lang='lat' dir='ltr'>sed</span> <span class='ocrx_word' id='word_1_158' title='bbox 1417 2247 1451 2307; x_wconf 90' lang='lat' dir='ltr'>et</span> 
     </span>
     <span class='ocr_line' id='line_1_19' title="bbox 304 2347 1450 2432; baseline 0.002 -20"><span class='ocrx_word' id='word_1_159' title='bbox 304 2347 408 2412; x_wconf 86' lang='lat' dir='ltr'>multa</span> <span class='ocrx_word' id='word_1_160' title='bbox 430 2348 530 2414; x_wconf 80' lang='lat' dir='ltr'>verba</span> <span class='ocrx_word' id='word_1_161' title='bbox 553 2347 605 2412; x_wconf 90' lang='lat' dir='ltr'>hio</span> <span class='ocrx_word' id='word_1_162' title='bbox 628 2347 695 2412; x_wconf 91' lang='lat' dir='ltr'>illio</span> <span class='ocrx_word' id='word_1_163' title='bbox 719 2347 954 2432; x_wconf 75' lang='lat' dir='ltr'>desiderentur,</span> <span class='ocrx_word' id='word_1_164' title='bbox 984 2349 1032 2412; x_wconf 90' lang='lat' dir='ltr'>uti</span> <span class='ocrx_word' id='word_1_165' title='bbox 1061 2369 1214 2432; x_wconf 87' lang='lat' dir='ltr'>praesens</span> <span class='ocrx_word' id='word_1_166' title='bbox 1241 2349 1311 2431; x_wconf 87' lang='lat' dir='ltr'>ipss</span> <span class='ocrx_word' id='word_1_167' title='bbox 1338 2349 1450 2414; x_wconf 87' lang='lat' dir='ltr'>vidisti</span> 
     </span>
     <span class='ocr_line' id='line_1_20' title="bbox 303 2453 1450 2540; baseline 0.002 -23"><span class='ocrx_word' id='word_1_168' title='bbox 303 2453 508 2520; x_wconf 88' lang='lat' dir='ltr'>hauddubie</span> <span class='ocrx_word' id='word_1_169' title='bbox 536 2458 570 2519; x_wconf 91' lang='lat' dir='ltr'>et</span> <span class='ocrx_word' id='word_1_170' title='bbox 592 2453 653 2518; x_wconf 92' lang='lat' dir='ltr'>hoc</span> <span class='ocrx_word' id='word_1_171' title='bbox 684 2477 777 2520; x_wconf 85' lang='lat' dir='ltr'>ame</span> <span class='ocrx_word' id='word_1_172' title='bbox 801 2454 1066 2520; x_wconf 88' lang='lat' dir='ltr'>reconcinnatum</span> <span class='ocrx_word' id='word_1_173' title='bbox 1095 2453 1259 2538; x_wconf 86' lang='lat' dir='ltr'>exemplar</span> <span class='ocrx_word' id='word_1_174' title='bbox 1287 2456 1450 2540; x_wconf 90' lang='lat' dir='ltr'>ostendet)</span> 
     </span>
     <span class='ocr_line' id='line_1_21' title="bbox 304 2561 1450 2647; baseline 0.002 -21"><span class='ocrx_word' id='word_1_175' title='bbox 304 2562 397 2627; x_wconf 90' lang='lat' dir='ltr'>annis</span> <span class='ocrx_word' id='word_1_176' title='bbox 421 2561 540 2628; x_wconf 82' lang='lat' dir='ltr'>abhinc</span> <span class='ocrx_word' id='word_1_177' title='bbox 564 2583 661 2646; x_wconf 89' lang='lat' dir='ltr'>quam</span> <span class='ocrx_word' id='word_1_178' title='bbox 683 2561 833 2647; x_wconf 81' lang='lat' dir='ltr'>plurimis</span> <span class='ocrx_word' id='word_1_179' title='bbox 858 2585 877 2626; x_wconf 89' lang='lat' dir='ltr'>a</span> <span class='ocrx_word' id='word_1_180' title='bbox 897 2561 1095 2627; x_wconf 84' lang='lat' dir='ltr'>fodientibus</span> <span class='ocrx_word' id='word_1_181' title='bbox 1114 2566 1235 2626; x_wconf 85' lang='lat' dir='ltr'>terram</span> <span class='ocrx_word' id='word_1_182' title='bbox 1254 2567 1383 2646; x_wconf 88' lang='lat' dir='ltr'>reperta</span> <span class='ocrx_word' id='word_1_183' title='bbox 1402 2568 1450 2628; x_wconf 89' lang='lat' dir='ltr'>eat</span> 
     </span>
     <span class='ocr_line' id='line_1_22' title="bbox 303 2665 1450 2753; baseline -0.001 -20"><span class='ocrx_word' id='word_1_184' title='bbox 303 2667 448 2752; x_wconf 88' lang='lat' dir='ltr'>paullum</span> <span class='ocrx_word' id='word_1_185' title='bbox 479 2668 566 2734; x_wconf 87' lang='lat' dir='ltr'>ultra</span> <span class='ocrx_word' id='word_1_186' title='bbox 589 2669 798 2753; x_wconf 86' lang='lat' dir='ltr'>Imperatoris</span> <span class='ocrx_word' id='word_1_187' title='bbox 822 2665 971 2752; x_wconf 86' lang='lat' dir='ltr'>Septimii</span> <span class='ocrx_word' id='word_1_188' title='bbox 996 2667 1107 2734; x_wconf 86' lang='lat' dir='ltr'>Severi</span> <span class='ocrx_word' id='word_1_189' title='bbox 1135 2690 1245 2733; x_wconf 87' lang='lat' dir='ltr'>arcum</span> <span class='ocrx_word' id='word_1_190' title='bbox 1272 2668 1450 2752; x_wconf 90' lang='lat' dir='ltr'>triumpha·</span> 
     </span>
     <span class='ocr_line' id='line_1_23' title="bbox 303 2775 1450 2859; baseline -0.001 -21"><span class='ocrx_word' id='word_1_191' title='bbox 303 2775 381 2859; x_wconf 88' lang='lat' dir='ltr'>lam,</span> <span class='ocrx_word' id='word_1_192' title='bbox 411 2775 555 2859; x_wconf 84' lang='lat' dir='ltr'>proxime</span> <span class='ocrx_word' id='word_1_193' title='bbox 583 2775 651 2840; x_wconf 88' lang='lat' dir='ltr'>fere</span> <span class='ocrx_word' id='word_1_194' title='bbox 680 2775 863 2840; x_wconf 89' lang='lat' dir='ltr'>columnam</span> <span class='ocrx_word' id='word_1_195' title='bbox 892 2776 984 2839; x_wconf 85' lang='lat' dir='ltr'>illam</span> <span class='ocrx_word' id='word_1_196' title='bbox 1008 2775 1202 2856; x_wconf 90' lang='lat' dir='ltr'>solitariam,</span> <span class='ocrx_word' id='word_1_197' title='bbox 1236 2795 1317 2858; x_wconf 90' lang='lat' dir='ltr'>quae</span> <span class='ocrx_word' id='word_1_198' title='bbox 1341 2797 1450 2857; x_wconf 89' lang='lat' dir='ltr'>super·</span> 
     </span>
     <span class='ocr_line' id='line_1_24' title="bbox 304 2881 1451 2967; baseline -0.002 -22"><span class='ocrx_word' id='word_1_199' title='bbox 304 2885 370 2946; x_wconf 87' lang='lat' dir='ltr'>stes</span> <span class='ocrx_word' id='word_1_200' title='bbox 394 2882 499 2946; x_wconf 89' lang='lat' dir='ltr'>adhuc</span> <span class='ocrx_word' id='word_1_201' title='bbox 526 2883 642 2948; x_wconf 80' lang='lat' dir='ltr'>visitur</span> <span class='ocrx_word' id='word_1_202' title='bbox 670 2903 686 2946; x_wconf 90' lang='lat' dir='ltr'>e</span> <span class='ocrx_word' id='word_1_203' title='bbox 710 2883 842 2967; x_wconf 84' lang='lat' dir='ltr'>regione</span> <span class='ocrx_word' id='word_1_204' title='bbox 871 2883 1025 2946; x_wconf 85' lang='lat' dir='ltr'>ecclesiae</span> <span class='ocrx_word' id='word_1_205' title='bbox 1054 2881 1085 2946; x_wconf 83' lang='lat' dir='ltr'>S.</span> <span class='ocrx_word' id='word_1_206' title='bbox 1109 2881 1260 2962; x_wconf 90' lang='lat' dir='ltr'>Adriani,</span> <span class='ocrx_word' id='word_1_207' title='bbox 1289 2881 1451 2964; x_wconf 82' lang='lat' dir='ltr'>cognomi-</span> 
     </span>
     <span class='ocr_line' id='line_1_25' title="bbox 303 2986 1451 3072; baseline -0.002 -21"><span class='ocrx_word' id='word_1_208' title='bbox 303 2991 400 3052; x_wconf 88' lang='lat' dir='ltr'>natae</span> <span class='ocrx_word' id='word_1_209' title='bbox 423 2989 457 3052; x_wconf 79' lang='lat' dir='ltr'>in</span> <span class='ocrx_word' id='word_1_210' title='bbox 482 2989 579 3052; x_wconf 81' lang='lat' dir='ltr'>trihus</span> <span class='ocrx_word' id='word_1_211' title='bbox 601 2988 710 3071; x_wconf 61' lang='lat' dir='ltr'>Form,</span> <span class='ocrx_word' id='word_1_212' title='bbox 733 2989 886 3072; x_wconf 88' lang='lat' dir='ltr'>quoniam</span> <span class='ocrx_word' id='word_1_213' title='bbox 909 2989 1016 3053; x_wconf 87' lang='lat' dir='ltr'>media</span> <span class='ocrx_word' id='word_1_214' title='bbox 1039 2989 1124 3054; x_wconf 89' lang='lat' dir='ltr'>inter</span> <span class='ocrx_word' id='word_1_215' title='bbox 1141 2987 1248 3052; x_wconf 89' lang='lat' dir='ltr'>forum</span> <span class='ocrx_word' id='word_1_216' title='bbox 1267 2986 1451 3052; x_wconf 86' lang='lat' dir='ltr'>Romanum</span> 
     </span>
     <span class='ocr_line' id='line_1_26' title="bbox 304 3091 1451 3178; baseline -0.001 -20"><span class='ocrx_word' id='word_1_217' title='bbox 304 3094 345 3158; x_wconf 88' lang='lat' dir='ltr'>ab</span> <span class='ocrx_word' id='word_1_218' title='bbox 374 3091 524 3178; x_wconf 80' lang='lat' dir='ltr'>Angusto</span> <span class='ocrx_word' id='word_1_219' title='bbox 558 3093 719 3158; x_wconf 89' lang='lat' dir='ltr'>adiectum</span> <span class='ocrx_word' id='word_1_220' title='bbox 756 3099 789 3158; x_wconf 90' lang='lat' dir='ltr'>et</span> <span class='ocrx_word' id='word_1_221' title='bbox 820 3095 927 3159; x_wconf 90' lang='lat' dir='ltr'>forum</span> <span class='ocrx_word' id='word_1_222' title='bbox 954 3093 1088 3160; x_wconf 83' lang='lat' dir='ltr'>Traiani</span> <span class='ocrx_word' id='word_1_223' title='bbox 1122 3099 1155 3158; x_wconf 88' lang='lat' dir='ltr'>et</span> <span class='ocrx_word' id='word_1_224' title='bbox 1187 3093 1292 3159; x_wconf 84' lang='lat' dir='ltr'>forum</span> <span class='ocrx_word' id='word_1_225' title='bbox 1323 3092 1451 3158; x_wconf 82' lang='lat' dir='ltr'>Nervae</span> 
     </span>
     <span class='ocr_line' id='line_1_27' title="bbox 304 3199 1451 3286; baseline 0.001 -23"><span class='ocrx_word' id='word_1_226' title='bbox 304 3199 540 3284; x_wconf 79' lang='lat' dir='ltr'>Imperatorum</span> <span class='ocrx_word' id='word_1_227' title='bbox 569 3201 675 3286; x_wconf 89' lang='lat' dir='ltr'>posita</span> <span class='ocrx_word' id='word_1_228' title='bbox 705 3205 768 3286; x_wconf 85' lang='lat' dir='ltr'>est;</span> <span class='ocrx_word' id='word_1_229' title='bbox 801 3204 915 3285; x_wconf 87' lang='lat' dir='ltr'>postea</span> <span class='ocrx_word' id='word_1_230' title='bbox 945 3201 1113 3285; x_wconf 91' lang='lat' dir='ltr'>populns</span> <span class='ocrx_word' id='word_1_231' title='bbox 1144 3199 1338 3265; x_wconf 88' lang='lat' dir='ltr'>Romanus</span> <span class='ocrx_word' id='word_1_232' title='bbox 1372 3222 1451 3264; x_wconf 89' lang='lat' dir='ltr'>eam</span> 
     </span>
    </p>
   </div>
   <div class='ocr_carea' id='block_1_3' title="bbox 304 3427 1453 4580">
    <p class='ocr_par' dir='ltr' id='par_1_4' title="bbox 304 3427 1453 4580">
     <span class='ocr_line' id='line_1_28' title="bbox 393 3427 1452 3500; baseline -0.002 -16"><span class='ocrx_word' id='word_1_233' title='bbox 393 3433 419 3500; x_wconf 82' lang='grc'>*)</span> <span class='ocrx_word' id='word_1_234' title='bbox 440 3428 520 3494; x_wconf 81' lang='lat' dir='ltr'>Quod</span> <span class='ocrx_word' id='word_1_235' title='bbox 539 3429 652 3498; x_wconf 85' lang='lat' dir='ltr'>quidem</span> <span class='ocrx_word' id='word_1_236' title='bbox 671 3429 713 3485; x_wconf 83' lang='lat' dir='ltr'>ita</span> <span class='ocrx_word' id='word_1_237' title='bbox 730 3447 790 3485; x_wconf 88' lang='lat' dir='ltr'>esse</span> <span class='ocrx_word' id='word_1_238' title='bbox 809 3429 877 3486; x_wconf 89' lang='lat' dir='ltr'>satis</span> <span class='ocrx_word' id='word_1_239' title='bbox 892 3431 965 3486; x_wconf 88' lang='lat' dir='ltr'>tecta</span> <span class='ocrx_word' id='word_1_240' title='bbox 980 3429 1140 3485; x_wconf 74' lang='lat' dir='ltr'>dissimulet</span> <span class='ocrx_word' id='word_1_241' title='bbox 1154 3428 1248 3500; x_wconf 90' lang='lat' dir='ltr'>potius</span> <span class='ocrx_word' id='word_1_242' title='bbox 1262 3447 1346 3500; x_wconf 89' lang='lat' dir='ltr'>qnam</span> <span class='ocrx_word' id='word_1_243' title='bbox 1366 3427 1452 3500; x_wconf 81' lang='lat' dir='ltr'>signi·</span> 
     </span>
     <span class='ocr_line' id='line_1_29' title="bbox 305 3517 1453 3590; baseline -0.001 -18"><span class='ocrx_word' id='word_1_244' title='bbox 305 3519 382 3588; x_wconf 86' lang='lat' dir='ltr'>fleat,</span> <span class='ocrx_word' id='word_1_245' title='bbox 401 3535 464 3574; x_wconf 88' lang='lat' dir='ltr'>cum</span> <span class='ocrx_word' id='word_1_246' title='bbox 485 3518 631 3574; x_wconf 87' lang='lat' dir='ltr'>‘adhibitis</span> <span class='ocrx_word' id='word_1_247' title='bbox 650 3519 684 3575; x_wconf 85' lang='lat' dir='ltr'>iis</span> <span class='ocrx_word' id='word_1_248' title='bbox 703 3519 865 3590; x_wconf 86' lang='lat' dir='ltr'>praesertim</span> <span class='ocrx_word' id='word_1_249' title='bbox 886 3518 1076 3588; x_wconf 68' lang='lat' dir='ltr'>adminiculis,</span> <span class='ocrx_word' id='word_1_250' title='bbox 1095 3517 1197 3588; x_wconf 86' lang='lat' dir='ltr'>quibus</span> <span class='ocrx_word' id='word_1_251' title='bbox 1211 3519 1328 3574; x_wconf 80' lang='lat' dir='ltr'>eandem</span> <span class='ocrx_word' id='word_1_252' title='bbox 1342 3517 1453 3588; x_wconf 88' lang='lat' dir='ltr'>supple·</span> 
     </span>
     <span class='ocr_line' id='line_1_30' title="bbox 305 3607 1452 3664; baseline -0.002 -2"><span class='ocrx_word' id='word_1_253' title='bbox 305 3609 371 3662; x_wconf 91' lang='lat' dir='ltr'>rnnt</span> <span class='ocrx_word' id='word_1_254' title='bbox 393 3625 426 3664; x_wconf 86' lang='lat' dir='ltr'>sc</span> <span class='ocrx_word' id='word_1_255' title='bbox 448 3609 682 3664; x_wconf 85' lang='lat' dir='ltr'>reconcinnsrunt</span> <span class='ocrx_word' id='word_1_256' title='bbox 700 3610 798 3664; x_wconf 85' lang='lat' dir='ltr'>Petms</span> <span class='ocrx_word' id='word_1_257' title='bbox 818 3608 981 3663; x_wconf 83' lang='lat' dir='ltr'>Giacconius</span> <span class='ocrx_word' id='word_1_258' title='bbox 1001 3607 1111 3663; x_wconf 88' lang='lat' dir='ltr'>Nobilis</span> <span class='ocrx_word' id='word_1_259' title='bbox 1129 3607 1283 3662; x_wconf 87' lang='lat' dir='ltr'>Toletanns</span> <span class='ocrx_word' id='word_1_260' title='bbox 1308 3609 1337 3662; x_wconf 87' lang='lat' dir='ltr'>et</span> <span class='ocrx_word' id='word_1_261' title='bbox 1355 3607 1452 3661; x_wconf 81' lang='lat' dir='ltr'>Frater</span> 
     </span>
     <span class='ocr_line' id='line_1_31' title="bbox 306 3694 1451 3768; baseline -0.005 -16"><span class='ocrx_word' id='word_1_262' title='bbox 306 3696 464 3768; x_wconf 89' lang='lat' dir='ltr'>Onnphrius</span> <span class='ocrx_word' id='word_1_263' title='bbox 487 3697 662 3766; x_wconf 85' lang='lat' dir='ltr'>Psnvinius&#39;,</span> <span class='ocrx_word' id='word_1_264' title='bbox 690 3699 849 3752; x_wconf 73' lang='lat' dir='ltr'>elaborasse</span> <span class='ocrx_word' id='word_1_265' title='bbox 873 3713 933 3751; x_wconf 86' lang='lat' dir='ltr'>sese</span> <span class='ocrx_word' id='word_1_266' title='bbox 959 3697 1056 3751; x_wconf 75' lang='lat' dir='ltr'>scribit</span> <span class='ocrx_word' id='word_1_267' title='bbox 1077 3713 1104 3766; x_wconf 92' lang='lat' dir='ltr'>p.</span> <span class='ocrx_word' id='word_1_268' title='bbox 1125 3703 1148 3752; x_wconf 78' lang='grc' dir='ltr'>ὅ.</span> <span class='ocrx_word' id='word_1_269' title='bbox 1197 3695 1285 3761; x_wconf 81' lang='lat' dir='ltr'>Quem</span> <span class='ocrx_word' id='word_1_270' title='bbox 1313 3694 1451 3766; x_wconf 84' lang='lat' dir='ltr'>pessimae</span> 
     </span>
     <span class='ocr_line' id='line_1_32' title="bbox 304 3783 1451 3857; baseline -0.003 -18"><span class='ocrx_word' id='word_1_271' title='bbox 304 3783 370 3840; x_wconf 87' lang='lat' dir='ltr'>fidei</span> <span class='ocrx_word' id='word_1_272' title='bbox 388 3787 528 3841; x_wconf 88' lang='lat' dir='ltr'>hominem</span> <span class='ocrx_word' id='word_1_273' title='bbox 548 3785 731 3857; x_wconf 82' lang='lat' dir='ltr'>deprehendi,</span> <span class='ocrx_word' id='word_1_274' title='bbox 751 3802 785 3840; x_wconf 84' lang='lat' dir='ltr'>ex</span> <span class='ocrx_word' id='word_1_275' title='bbox 798 3802 853 3854; x_wconf 91' lang='lat' dir='ltr'>quo</span> <span class='ocrx_word' id='word_1_276' title='bbox 872 3785 999 3841; x_wconf 85' lang='lat' dir='ltr'>intellexi</span> <span class='ocrx_word' id='word_1_277' title='bbox 1017 3785 1131 3840; x_wconf 87' lang='lat' dir='ltr'>miliarii</span> <span class='ocrx_word' id='word_1_278' title='bbox 1147 3785 1299 3854; x_wconf 89' lang='lat' dir='ltr'>Popilliani</span> <span class='ocrx_word' id='word_1_279' title='bbox 1313 3801 1451 3838; x_wconf 88' lang='lat' dir='ltr'>commen-</span> 
     </span>
     <span class='ocr_line' id='line_1_33' title="bbox 305 3869 1451 3946; baseline -0.004 -16"><span class='ocrx_word' id='word_1_280' title='bbox 305 3875 403 3930; x_wconf 85' lang='lat' dir='ltr'>tioium</span> <span class='ocrx_word' id='word_1_281' title='bbox 422 3877 647 3946; x_wconf 87' lang='lat' dir='ltr'>supplementum</span> <span class='ocrx_word' id='word_1_282' title='bbox 665 3873 749 3944; x_wconf 90' lang='lat' dir='ltr'>illud,</span> <span class='ocrx_word' id='word_1_283' title='bbox 777 3873 852 3944; x_wconf 90' lang='lat' dir='ltr'>quod</span> <span class='ocrx_word' id='word_1_284' title='bbox 876 3875 912 3929; x_wconf 85' lang='lat' dir='ltr'>ad</span> <span class='ocrx_word' id='word_1_285' title='bbox 931 3875 1060 3930; x_wconf 78' lang='lat' dir='ltr'>Gorsium</span> <span class='ocrx_word' id='word_1_286' title='bbox 1085 3875 1227 3928; x_wconf 83' lang='lat' dir='ltr'>auctorem</span> <span class='ocrx_word' id='word_1_287' title='bbox 1251 3873 1403 3927; x_wconf 76' lang='lat' dir='ltr'>referebam</span> <span class='ocrx_word' id='word_1_288' title='bbox 1422 3869 1451 3924; x_wconf 91' lang='lat' dir='ltr'>in</span> 
     </span>
     <span class='ocr_line' id='line_1_34' title="bbox 305 3958 1452 4036; baseline -0.005 -18"><span class='ocrx_word' id='word_1_289' title='bbox 305 3979 404 4020; x_wconf 89' lang='lat' dir='ltr'>comm.</span> <span class='ocrx_word' id='word_1_290' title='bbox 425 3965 459 4019; x_wconf 89' lang='lat' dir='ltr'>dc</span> <span class='ocrx_word' id='word_1_291' title='bbox 479 3983 512 4020; x_wconf 88' lang='lat' dir='ltr'>eo</span> <span class='ocrx_word' id='word_1_292' title='bbox 531 3965 615 4021; x_wconf 88' lang='lat' dir='ltr'>titulo</span> <span class='ocrx_word' id='word_1_293' title='bbox 634 3983 721 4035; x_wconf 87' lang='lat' dir='ltr'>nuper</span> <span class='ocrx_word' id='word_1_294' title='bbox 740 3965 817 4019; x_wconf 90' lang='lat' dir='ltr'>edito</span> <span class='ocrx_word' id='word_1_295' title='bbox 834 3981 862 4034; x_wconf 88' lang='lat' dir='ltr'>p.</span> <span class='ocrx_word' id='word_1_296' title='bbox 878 3970 909 4018; x_wconf 90' lang='lat'>11</span> <span class='ocrx_word' id='word_1_297' title='bbox 932 3963 1029 4036; x_wconf 87' lang='lat' dir='ltr'>[snpra</span> <span class='ocrx_word' id='word_1_298' title='bbox 1046 3981 1072 4033; x_wconf 93' lang='lat' dir='ltr'>p.</span> <span class='ocrx_word' id='word_1_299' title='bbox 1085 3962 1157 4032; x_wconf 75' lang='lat'>126],</span> <span class='ocrx_word' id='word_1_300' title='bbox 1182 3979 1238 4016; x_wconf 89' lang='lat' dir='ltr'>uua</span> <span class='ocrx_word' id='word_1_301' title='bbox 1256 3979 1319 4016; x_wconf 88' lang='lat' dir='ltr'>curn</span> <span class='ocrx_word' id='word_1_302' title='bbox 1338 3958 1452 4028; x_wconf 90' lang='lat' dir='ltr'>reliquis</span> 
     </span>
     <span class='ocr_line' id='line_1_35' title="bbox 305 4048 1451 4125; baseline -0.006 -16"><span class='ocrx_word' id='word_1_303' title='bbox 305 4055 434 4110; x_wconf 87' lang='lat' dir='ltr'>omnibns</span> <span class='ocrx_word' id='word_1_304' title='bbox 453 4056 578 4124; x_wconf 89' lang='lat' dir='ltr'>quaeda</span> <span class='ocrx_word' id='word_1_305' title='bbox 597 4055 691 4125; x_wconf 88' lang='lat' dir='ltr'>lapide</span> <span class='ocrx_word' id='word_1_306' title='bbox 709 4057 804 4109; x_wconf 86' lang='lat' dir='ltr'>narrat</span> <span class='ocrx_word' id='word_1_307' title='bbox 825 4053 995 4124; x_wconf 83' lang='lat' dir='ltr'>transcripta</span> <span class='ocrx_word' id='word_1_308' title='bbox 1017 4069 1075 4108; x_wconf 86' lang='lat' dir='ltr'>esse</span> <span class='ocrx_word' id='word_1_309' title='bbox 1094 4071 1109 4108; x_wconf 90' lang='lat' dir='ltr'>e</span> <span class='ocrx_word' id='word_1_310' title='bbox 1129 4051 1203 4108; x_wconf 81' lang='lat' dir='ltr'>Celsi</span> <span class='ocrx_word' id='word_1_311' title='bbox 1221 4049 1355 4106; x_wconf 84' lang='lat' dir='ltr'>Cittadiui</span> <span class='ocrx_word' id='word_1_312' title='bbox 1379 4048 1451 4104; x_wconf 88' lang='lat' dir='ltr'>libro</span> 
     </span>
     <span class='ocr_line' id='line_1_36' title="bbox 306 4129 1451 4214; baseline -0.005 -17"><span class='ocrx_word' id='word_1_313' title='bbox 306 4161 390 4213; x_wconf 88' lang='lat' dir='ltr'>supra</span> <span class='ocrx_word' id='word_1_314' title='bbox 408 4145 624 4200; x_wconf 85' lang='lat' dir='ltr'>commemorato</span> <span class='ocrx_word' id='word_1_315' title='bbox 643 4162 670 4214; x_wconf 94' lang='lat' dir='ltr'>p.</span> <span class='ocrx_word' id='word_1_316' title='bbox 686 4149 719 4198; x_wconf 78' lang='lat'>42</span> <span class='ocrx_word' id='word_1_317' title='bbox 735 4161 775 4211; x_wconf 85' lang='lat' dir='ltr'>sq.</span> <span class='ocrx_word' id='word_1_318' title='bbox 802 4141 886 4196; x_wconf 82' lang='lat' dir='ltr'>Cuius</span> <span class='ocrx_word' id='word_1_319' title='bbox 905 4143 991 4198; x_wconf 86' lang='lat' dir='ltr'>verba</span> <span class='ocrx_word' id='word_1_320' title='bbox 1009 4142 1081 4198; x_wconf 86' lang='lat' dir='ltr'>intra</span> <span class='ocrx_word' id='word_1_321' title='bbox 1099 4141 1191 4210; x_wconf 86' lang='lat' dir='ltr'>posui:</span> <span class='ocrx_word' id='word_1_322' title='bbox 1213 4138 1270 4193; x_wconf 85' lang='lat' dir='ltr'>‘nn&#39;</span> <span class='ocrx_word' id='word_1_323' title='bbox 1285 4129 1359 4192; x_wconf 74' lang='lat' dir='ltr'>altra</span> <span class='ocrx_word' id='word_1_324' title='bbox 1376 4137 1451 4192; x_wconf 89' lang='lat' dir='ltr'>iscri-</span> 
     </span>
     <span class='ocr_line' id='line_1_37' title="bbox 306 4227 1452 4303; baseline -0.005 -17"><span class='ocrx_word' id='word_1_325' title='bbox 306 4231 383 4286; x_wconf 83' lang='lat' dir='ltr'>aione</span> <span class='ocrx_word' id='word_1_326' title='bbox 402 4233 459 4287; x_wconf 85' lang='lat' dir='ltr'>alla</span> <span class='ocrx_word' id='word_1_327' title='bbox 478 4233 556 4303; x_wconf 80' lang='lat' dir='ltr'>qual,</span> <span class='ocrx_word' id='word_1_328' title='bbox 575 4233 682 4287; x_wconf 78' lang='lat' dir='ltr'>bencbb</span> <span class='ocrx_word' id='word_1_329' title='bbox 706 4229 817 4285; x_wconf 89' lang='lat' dir='ltr'>manchi</span> <span class='ocrx_word' id='word_1_330' title='bbox 835 4231 856 4285; x_wconf 95' lang='lat' dir='ltr'>il</span> <span class='ocrx_word' id='word_1_331' title='bbox 875 4231 1075 4301; x_wconf 72' lang='lat' dir='ltr'>primorem,</span> <span class='ocrx_word' id='word_1_332' title='bbox 1101 4229 1147 4283; x_wconf 90' lang='lat' dir='ltr'>nel</span> <span class='ocrx_word' id='word_1_333' title='bbox 1166 4227 1233 4298; x_wconf 86' lang='lat' dir='ltr'>qual</span> <span class='ocrx_word' id='word_1_334' title='bbox 1252 4227 1342 4282; x_wconf 88' lang='lat' dir='ltr'>dovoa</span> <span class='ocrx_word' id='word_1_335' title='bbox 1360 4243 1452 4280; x_wconf 85' lang='lat' dir='ltr'>essere</span> 
     </span>
     <span class='ocr_line' id='line_1_38' title="bbox 306 4313 1452 4389; baseline -0.004 -16"><span class='ocrx_word' id='word_1_336' title='bbox 306 4319 403 4376; x_wconf 86' lang='lat' dir='ltr'>scritto</span> <span class='ocrx_word' id='word_1_337' title='bbox 418 4321 438 4374; x_wconf 95' lang='lat' dir='ltr'>il</span> <span class='ocrx_word' id='word_1_338' title='bbox 448 4337 530 4375; x_wconf 90' lang='lat' dir='ltr'>nome</span> <span class='ocrx_word' id='word_1_339' title='bbox 544 4321 609 4376; x_wconf 78' lang='lat' dir='ltr'>dell·</span> <span class='ocrx_word' id='word_1_340' title='bbox 624 4323 738 4376; x_wconf 89' lang='lat' dir='ltr'>anctore</span> <span class='ocrx_word' id='word_1_341' title='bbox 752 4319 780 4374; x_wconf 93' lang='lat' dir='ltr'>di</span> <span class='ocrx_word' id='word_1_342' title='bbox 799 4337 868 4388; x_wconf 89' lang='lat' dir='ltr'>essa,</span> <span class='ocrx_word' id='word_1_343' title='bbox 886 4319 1055 4374; x_wconf 88' lang='lat' dir='ltr'>nondimeno</span> <span class='ocrx_word' id='word_1_344' title='bbox 1074 4335 1124 4389; x_wconf 90' lang='lat' dir='ltr'>por</span> <span class='ocrx_word' id='word_1_345' title='bbox 1142 4315 1223 4370; x_wconf 88' lang='lat' dir='ltr'>molti</span> <span class='ocrx_word' id='word_1_346' title='bbox 1242 4313 1309 4370; x_wconf 84' lang='lat' dir='ltr'>lorti</span> <span class='ocrx_word' id='word_1_347' title='bbox 1327 4332 1342 4368; x_wconf 86' lang='lat' dir='ltr'>e</span> <span class='ocrx_word' id='word_1_348' title='bbox 1361 4315 1452 4386; x_wconf 78' lang='lat' dir='ltr'>ragio-</span> 
     </span>
     <span class='ocr_line' id='line_1_39' title="bbox 306 4402 1452 4478; baseline -0.002 -18"><span class='ocrx_word' id='word_1_349' title='bbox 306 4407 399 4462; x_wconf 83' lang='lat' dir='ltr'>nevoli</span> <span class='ocrx_word' id='word_1_350' title='bbox 413 4410 569 4478; x_wconf 81' lang='lat' dir='ltr'>argomenti</span> <span class='ocrx_word' id='word_1_351' title='bbox 588 4409 610 4464; x_wconf 84' lang='lat' dir='ltr'>si</span> <span class='ocrx_word' id='word_1_352' title='bbox 625 4409 703 4478; x_wconf 76' lang='lat' dir='ltr'>ritrrt,</span> <span class='ocrx_word' id='word_1_353' title='bbox 722 4409 773 4464; x_wconf 91' lang='lat' dir='ltr'>che</span> <span class='ocrx_word' id='word_1_354' title='bbox 792 4427 826 4464; x_wconf 90' lang='lat' dir='ltr'>ne</span> <span class='ocrx_word' id='word_1_355' title='bbox 845 4409 918 4464; x_wconf 80' lang='lat' dir='ltr'>fosse</span> <span class='ocrx_word' id='word_1_356' title='bbox 937 4409 1033 4462; x_wconf 84' lang='lat' dir='ltr'>autore</span> <span class='ocrx_word' id='word_1_357' title='bbox 1044 4407 1137 4461; x_wconf 84' lang='lat' dir='ltr'>Manio</span> <span class='ocrx_word' id='word_1_358' title='bbox 1147 4402 1271 4472; x_wconf 78' lang='lat' dir='ltr'>Aquillio</span> <span class='ocrx_word' id='word_1_359' title='bbox 1282 4403 1365 4459; x_wconf 85' lang='lat' dir='ltr'>Gallo</span> <span class='ocrx_word' id='word_1_360' title='bbox 1380 4403 1452 4458; x_wconf 78' lang='lat' dir='ltr'>vice·</span> 
     </span>
     <span class='ocr_line' id='line_1_40' title="bbox 307 4495 1357 4580; baseline -0.002 -30"><span class='ocrx_word' id='word_1_361' title='bbox 307 4495 418 4550; x_wconf 85' lang='lat' dir='ltr'>console</span> <span class='ocrx_word' id='word_1_362' title='bbox 436 4513 453 4550; x_wconf 93' lang='lat' dir='ltr'>o</span> <span class='ocrx_word' id='word_1_363' title='bbox 472 4500 581 4566; x_wconf 83' lang='lat' dir='ltr'>pretore</span> <span class='ocrx_word' id='word_1_364' title='bbox 599 4497 628 4552; x_wconf 86' lang='lat' dir='ltr'>di</span> <span class='ocrx_word' id='word_1_365' title='bbox 647 4497 743 4552; x_wconf 87' lang='lat' dir='ltr'>Sicilia</span> <span class='ocrx_word' id='word_1_366' title='bbox 762 4499 780 4550; x_wconf 84' lang='lat' dir='ltr'>l&#39;</span> <span class='ocrx_word' id='word_1_367' title='bbox 800 4513 872 4552; x_wconf 81' lang='lat' dir='ltr'>anno</span> <span class='ocrx_word' id='word_1_368' title='bbox 891 4495 921 4550; x_wconf 88' lang='lat' dir='ltr'>di</span> <span class='ocrx_word' id='word_1_369' title='bbox 941 4495 1028 4550; x_wconf 84' lang='lat' dir='ltr'>ltoma</span> <span class='ocrx_word' id='word_1_370' title='bbox 1046 4495 1124 4549; x_wconf 73' lang='lat' dir='ltr'>ool’:</span> <span class='ocrx_word' id='word_1_371' title='bbox 1143 4509 1165 4548; x_wconf 89' lang='lat' dir='ltr'>e.</span> <span class='ocrx_word' id='word_1_372' title='bbox 1187 4511 1214 4562; x_wconf 89' lang='lat' dir='ltr'>q.</span> <span class='ocrx_word' id='word_1_373' title='bbox 1235 4511 1256 4548; x_wconf 89' lang='lat' dir='ltr'>s.</span> <span class='ocrx_word' id='word_1_374' title='bbox 1350 4563 1357 4580; x_wconf 37' lang='grc' dir='ltr'>ι</span> 
     </span>
    </p>
   </div>
   <div class='ocr_carea' id='block_1_4' title="bbox 0 0 1652 5076">
    <p class='ocr_par' dir='ltr' id='par_1_5' title="bbox 0 0 1652 5076">
     <span class='ocr_line' id='line_1_41' title="bbox 0 0 1652 5076; baseline 0 0"><span class='ocrx_word' id='word_1_375' title='bbox 0 0 1652 5076; x_wconf 95' lang='lat' dir='ltr'> </span> 
     </span>
    </p>
   </div>
  </div>
 </body>
</html>
