3246 5082
292 379 357 444 268
607 397 654 445 nn
679 397 879 446 srcmnmvs
903 397 1114 446 tiarnensis

290 539 478 626 insigniore,
495 564 526 625 p.
544 537 611 606 325
629 561 664 605 a:
696 537 850 605 ‘Saturno
884 539 952 605 dies
984 539 1087 606 festus
1120 539 1301 605 celebratur
1330 557 1439 604 mense

290 645 482 731 Decembre,
509 647 595 732 quod
618 669 656 713 eo
682 647 769 712 aedis
801 652 851 713 est
874 646 1036 713 dedicata:
1068 651 1101 712 et
1123 648 1152 712 is
1176 647 1320 712 culturae
1344 667 1437 731 agro·

289 775 361 818 rum
384 753 568 838 praesidere
590 753 728 838 uidetur,
756 775 819 840 quo
851 755 949 820 etiam
976 755 1044 820 falx
1074 759 1124 819 est
1152 758 1185 818 et
1212 753 1253 840 (b.
1272 775 1295 819 c.
1319 751 1364 838 ei)
1390 753 1439 818 in·

291 860 391 946 signe.
428 883 542 927 uersus
565 885 691 948 quoque
715 863 948 949 antiquissimi,
972 863 1089 947 quibus
1113 862 1244 927 Faunus
1267 859 1337 925 fata
1360 860 1437 925 ceci·

288 967 377 1034 nisse
405 968 591 1036 hominibus
619 970 761 1054 uidetur,
789 969 934 1036 Saturnii
962 969 1184 1054 appellantur:
1217 967 1333 1054 quibus
1362 970 1438 1032 eta

289 1073 415 1140 Naeuio
438 1075 561 1142 bellum
580 1077 739 1144 Punicum
763 1078 918 1162 scriptum
942 1081 992 1142 est
1015 1080 1048 1141 et
1071 1100 1090 1142 a
1113 1075 1225 1142 multis
1250 1074 1323 1139 aliis
1344 1073 1438 1158 plura

289 1181 471 1266 composita
495 1186 578 1249 sunt.
620 1184 677 1268 qui
701 1182 778 1249 deus
802 1184 837 1248 in
852 1182 1039 1249 Saliaribus
1063 1179 1221 1276 Saturnus
1243 1181 1438 1264 nominatur,

289 1288 440 1353 uidelicet
462 1312 481 1354 a
504 1288 707 1356 sationibus?
749 1289 802 1356 Sic
823 1291 909 1356 enim
928 1291 1008 1355 haec
1030 1289 1064 1354 in
1088 1289 1196 1354 codice
1221 1287 1342 1372 scripta
1368 1307 1437 1352 esse

288 1391 329 1457 H.
340 1393 464 1458 Keilius
479 1399 620 1462 testatur
633 1395 737 1462 Musei
757 1395 862 1461 nostri
879 1396 993 1481 philol.
1004 1395 1051 1460 VI
1064 1417 1094 1480 p.
1105 1395 1178 1461 625.
1202 1395 1242 1460 In
1256 1393 1437 1461 Saliaribus

289 1522 352 1584 quo
375 1501 506 1566 nomine
530 1503 635 1569 dictus
658 1503 769 1588 fiterit,
792 1503 903 1588 paullo
927 1507 1003 1587 post
1027 1509 1211 1588 quaeretur3
1235 1523 1308 1567 eum
1321 1501 1438 1568 Verrio

289 1604 406 1674 Flacco
429 1609 597 1694 vulgarem
620 1610 762 1676 nominis
785 1609 924 1676 formam
948 1633 967 1675 a
991 1610 1125 1676 serendo
1145 1611 1272 1676 ductam
1293 1609 1332 1675 ad
1352 1611 1438 1696 agri·

290 1713 483 1778 colationem
512 1715 710 1780 rettulerunt
733 1713 935 1801 Hartungius
964 1716 1003 1782 de
1026 1717 1116 1802 relig.
1139 1716 1234 1783 Rom.
1257 1716 1291 1782 Π
1313 1739 1343 1802 p.
1366 1717 1437 1802 122,

263 1819 516 1888 oSchwenclrius
540 1821 579 1886 de
603 1821 741 1906 mythol.
763 1821 855 1887 Rom.
878 1843 908 1906 p.
926 1822 997 1888 184.
1037 1823 1082 1888 Et
1104 1823 1154 1888 illi
1176 1815 1304 1908 quidem
1326 1831 1459 1908 proso·'

210 1983 218 1993 .
290 1928 400 1993 diacae
424 1927 561 1994 rationis
586 1926 787 2011 disparilitas
810 1929 896 1993 inter
919 1931 1027 1995 sistor
1055 1932 1163 1996 sistus
1192 1933 1225 1996 et
1248 1929 1437 1998 Saturnus

290 2035 450 2100 vocabula
467 2035 667 2100 intercedens
684 2035 767 2100 nihil
786 2037 929 2120 scrupuli
942 2037 1092 2103 iniecisse
1105 2037 1246 2104 videtur:
1270 2061 1353 2123 quac
1371 2061 1437 2105 non

289 2140 443 2207 mediocri
471 2141 670 2207 dubitationi
693 2141 893 2208 Buttmanno
922 2141 985 2208 fuit
1012 2142 1196 2230 Mythologi
1219 2143 1252 2210 Π
1275 2167 1305 2229 p.
1324 2147 1367 2211 29
1382 2167 1438 2231 sq,

289 2251 358 2314 tam
382 2249 474 2334 gravi
498 2253 606 2314 autern
630 2249 798 2314 offensioni
822 2249 986 2315 Klauseno
1011 2250 1049 2316 de
1070 2249 1181 2317 Aenea
1204 2255 1238 2318 et
1259 2249 1439 2320 Penatibus

289 2355 322 2420 ΙΙ
345 2379 376 2441 ρ.
396 2355 460 2422 866
484 2355 628 2422 utnulla
648 2356 744 2422 modo
762 2357 966 2422 tolerabilem
986 2358 1220 2442 pronuntiaret.
1258 2356 1381 2424 Contra
1398 2359 1438 2425 de

289 2462 412 2547 duplici
435 2463 537 2548 stirpe
560 2463 691 2551 linguae
714 2463 835 2530 latinae
860 2461 1088 2530 Schwenekius
1119 2465 1299 2551 cogitabat,
1328 2489 1438 2532 sacre

289 2573 323 2636 et
354 2591 506 2651 savera,
537 2593 674 2656 quarum
707 2571 766 2636 illa
798 2593 837 2635 ex
867 2592 901 2635 se
933 2575 1136 2656 procreasset
1168 2575 1288 2656 satus,
1324 2573 1439 2658 altera,

289 2699 386 2764 quam
408 2700 562 2764 umquam
591 2679 754 2744 exstitisse
780 2677 871 2744 nullo
898 2683 1068 2764 praeterea
1090 2679 1229 2765 vestigio
1253 2680 1438 2766 configitur,

290 2784 483 2850 Saturnus
506 2785 654 2851 formam.

378 2891 407 2955 A
432 2893 635 2958 saturandi
659 2897 768 2958 autem
791 2892 924 2958 notione
949 2892 1114 2976 profectus
1136 2893 1260 2976 primus
1284 2916 1301 2958 e
1324 2894 1437 2961 latinis

289 2997 477 3063 auctoribus
501 2995 612 3064 (licere
637 2995 820 3064 ‘Saturnus’
847 2999 955 3082 inquit
983 2997 1044 3064 ‘est
1065 3001 1248 3084 appellatus
1276 3002 1363 3086 quod
1386 3023 1437 3068 sa-

290 3107 453 3168 turaretur
476 3103 583 3168 annis'
607 3105 646 3170 de
669 3108 734 3170 nat.
758 3105 843 3171 deor.
865 3105 913 3189 H,
936 3105 992 3186 25,
1017 3107 1073 3191 64,
1104 3106 1182 3171 iem
1213 3105 1355 3193 111,.24,
1378 3110 1437 3176 62:

291 3231 373 3295 quae
396 3210 496 3276 verba
518 3216 647 3295 praeter
665 3211 827 3278 Isidorum
848 3235 947 3298 supra
966 3217 1253 3280 commemoratum
1277 3237 1336 3280 sua
1358 3217 1454 3296 fecit

288 3318 477 3384 Lactantius
505 3317 611 3384 Iustit.
635 3317 664 3397 I,
686 3319 735 3383 12.
787 3319 868 3385 Eius
897 3323 1005 3384 autem
1033 3319 1205 3405 veriloquii
1232 3327 1367 3406 apparet
1392 3322 1437 3390 M.

290 3425 435 3491 Tullium
459 3447 607 3490 caussam
630 3447 696 3491 non
720 3425 849 3492 aliunde
879 3427 942 3491 nisi
966 3450 986 3492 a
1008 3427 1172 3493 tralaticia
1194 3428 1279 3512 apud
1301 3431 1436 3514 popula·

289 3555 341 3598 res
370 3555 446 3598 suos
476 3531 607 3598 Saturni
635 3553 707 3596 cum
738 3531 861 3618 Κρόνῳ,
895 3533 980 3618 οραό
1004 3532 1145 3600 Graecos
1176 3538 1284 3600 autem
1313 3535 1436 3616 Κρόνου

289 3661 362 3706 cum
390 3638 498 3722 χρόνῳ
527 3639 769 3722 comparatione
797 3639 940 3725 petiisse.
984 3639 1054 3706 Nec
1081 3641 1209 3708 defuere
1242 3643 1296 3726 qui
1324 3642 1436 3708 eadem

290 3747 462 3812 saturitate
486 3766 644 3810 annorum
668 3745 707 3811 ad
730 3745 837 3830 ipsum
861 3747 941 3812 adeo
966 3767 1117 3832 graecum
1138 3769 1256 3813 nomen
1274 3747 1437 3812 translata

292 3853 415 3934 Κρόνον
439 3873 458 3916 a
481 3850 566 3935 κόρῳ
590 3851 756 3936 ducerent,
779 3856 816 3918 ut
838 3851 944 3938 Lydus
968 3851 1006 3918 de
1029 3875 1130 3919 mens.
1154 3854 1195 3940 II,
1217 3856 1254 3920 11
1280 3855 1360 3920 κατὰ
1377 3855 1437 3934 μὲν

290 3960 462 4038 θεολογίαν
486 3955 539 4022 οἷα
562 3961 693 4040 διακορῆ
715 3965 794 4026 νοῡν
813 3961 1038 4045 interpretans,
1061 3960 1142 4025 κατὰ
1165 3963 1200 4027 δὲ
1224 3961 1437 4042 ἐτυμολογὶον

290 4067 390 4134 οἱονεὶ
413 4068 518 4146 πλήρη
545 4067 595 4131 καὶ
619 4068 733 4146 μεετόν
757 4069 840 4133 ἐτῶν
864 4066 935 4134 ἀντὶ
956 4071 1015 4133 τοῦ
1039 4068 1231 4148 μακραίωνα
1276 4069 1436 4136 Eandem·

290 4195 351 4258 qne
379 4171 630 4258 originationem
658 4173 700 4239 ad
728 4195 879 4260 graecum
907 4175 1005 4240 simul
1033 4178 1130 4260 atque
1157 4175 1295 4241 latinum
1317 4197 1437 4241 nomen

291 4280 546 4365 accommodans,
569 4281 624 4346 sed
649 4281 822 4347 seiunctam
848 4283 888 4348 ab
911 4281 1023 4366 inepta
1046 4303 1204 4348 annornm
1228 4281 1437 4369 cogitatione,

290 4387 369 4453 haec
392 4389 491 4453 verba
513 4387 692 4474 Dionysius
716 4389 792 4456 Ant.
816 4387 852 4454 R.
875 4389 904 4474 I,
924 4390 966 4456 38
990 4389 1107 4474 posuit,
1131 4389 1166 4455 in
1188 4390 1304 4475 quibus
1322 4411 1436 4456 verum

290 4493 410 4562 vidisse
433 4517 533 4562 unum
557 4493 767 4591 Sylburgium
792 4499 944 4582 putamus
967 4495 1164 4584 posthabitis
1187 4493 1352 4584 Stephani,
1374 4494 1436 4564 Oa·
