<?xml version="1.0" encoding="UTF-8"?>
<!DOCTYPE html PUBLIC "-//W3C//DTD XHTML 1.0 Transitional//EN"
    "http://www.w3.org/TR/xhtml1/DTD/xhtml1-transitional.dtd">
<html xmlns="http://www.w3.org/1999/xhtml" xml:lang="en" lang="en">
 <head>
  <title>
</title>
<meta http-equiv="Content-Type" content="text/html;charset=utf-8" />
  <meta name='ocr-system' content='tesseract 3.04.00' />
  <meta name='ocr-capabilities' content='ocr_page ocr_carea ocr_par ocr_line ocrx_word'/>
</head>
<body>
  <div class='ocr_page' id='page_1' title='image "./fridericiritsch08wachgoog/fridericiritsch08wachgoog_0544.png"; bbox 0 0 3216 5082; ppageno 0'>
   <div class='ocr_carea' id='block_1_1' title="bbox 595 381 1334 452">
    <p class='ocr_par' dir='ltr' id='par_1_1' title="bbox 595 381 1334 452">
     <span class='ocr_line' id='line_1_1' title="bbox 595 381 1334 452; baseline -0.007 -2"><span class='ocrx_word' id='word_1_1' title='bbox 595 401 875 452; x_wconf 78' lang='lat' dir='ltr'>svrrnnunuuvu</span> <span class='ocrx_word' id='word_1_2' title='bbox 899 403 934 448; x_wconf 90' lang='lat' dir='ltr'>u.</span> <span class='ocrx_word' id='word_1_3' title='bbox 1269 381 1334 446; x_wconf 83' lang='lat'>519</span> 
     </span>
    </p>
   </div>
   <div class='ocr_carea' id='block_1_2' title="bbox 191 540 1338 949">
    <p class='ocr_par' dir='ltr' id='par_1_2' title="bbox 191 540 1338 949">
     <span class='ocr_line' id='line_1_2' title="bbox 280 540 1337 630; baseline -0.005 -20"><span class='ocrx_word' id='word_1_4' title='bbox 280 545 442 630; x_wconf 81' lang='lat' dir='ltr'>Ceterum,</span> <span class='ocrx_word' id='word_1_5' title='bbox 466 549 560 612; x_wconf 87' lang='lat' dir='ltr'>utne</span> <span class='ocrx_word' id='word_1_6' title='bbox 578 545 641 611; x_wconf 89' lang='lat' dir='ltr'>hoo</span> <span class='ocrx_word' id='word_1_7' title='bbox 660 544 789 629; x_wconf 92' lang='lat' dir='ltr'>quidem</span> <span class='ocrx_word' id='word_1_8' title='bbox 808 544 937 610; x_wconf 90' lang='lat' dir='ltr'>silentio</span> <span class='ocrx_word' id='word_1_9' title='bbox 956 547 1134 626; x_wconf 85' lang='lat' dir='ltr'>transeam,</span> <span class='ocrx_word' id='word_1_10' title='bbox 1157 540 1337 626; x_wconf 84' lang='lat' dir='ltr'>praemissa</span> 
     </span>
     <span class='ocr_line' id='line_1_3' title="bbox 191 649 1337 737; baseline -0.004 -20"><span class='ocrx_word' id='word_1_11' title='bbox 191 651 395 736; x_wconf 89' lang='lat' dir='ltr'>inscriptioni</span> <span class='ocrx_word' id='word_1_12' title='bbox 418 653 529 734; x_wconf 81' lang='lat' dir='ltr'>puncti</span> <span class='ocrx_word' id='word_1_13' title='bbox 551 655 643 736; x_wconf 86' lang='lat' dir='ltr'>nota,</span> <span class='ocrx_word' id='word_1_14' title='bbox 671 652 734 716; x_wconf 88' lang='lat' dir='ltr'>nisi</span> <span class='ocrx_word' id='word_1_15' title='bbox 757 651 881 737; x_wconf 83' lang='lat' dir='ltr'>speeies</span> <span class='ocrx_word' id='word_1_16' title='bbox 909 673 1043 736; x_wconf 87' lang='lat' dir='ltr'>prorsus</span> <span class='ocrx_word' id='word_1_17' title='bbox 1071 649 1170 733; x_wconf 61' lang='lat' dir='ltr'>fallit.</span> <span class='ocrx_word' id='word_1_18' title='bbox 1197 651 1337 714; x_wconf 91' lang='lat' dir='ltr'>nonest</span> 
     </span>
     <span class='ocr_line' id='line_1_4' title="bbox 191 757 1338 844; baseline -0.003 -20"><span class='ocrx_word' id='word_1_19' title='bbox 191 759 280 824; x_wconf 84' lang='lat' dir='ltr'>casui</span> <span class='ocrx_word' id='word_1_20' title='bbox 303 758 485 822; x_wconf 86' lang='lat' dir='ltr'>tribuenda.</span> <span class='ocrx_word' id='word_1_21' title='bbox 531 758 623 836; x_wconf 81' lang='lat' dir='ltr'>Quod</span> <span class='ocrx_word' id='word_1_22' title='bbox 647 779 748 844; x_wconf 81' lang='lat' dir='ltr'>genus</span> <span class='ocrx_word' id='word_1_23' title='bbox 772 759 979 843; x_wconf 85' lang='lat' dir='ltr'>quantumvis</span> <span class='ocrx_word' id='word_1_24' title='bbox 1007 780 1117 822; x_wconf 87' lang='lat' dir='ltr'>rarum</span> <span class='ocrx_word' id='word_1_25' title='bbox 1140 757 1199 841; x_wconf 84' lang='lat' dir='ltr'>sit,</span> <span class='ocrx_word' id='word_1_26' title='bbox 1228 759 1338 821; x_wconf 88' lang='lat' dir='ltr'>tamen</span> 
     </span>
     <span class='ocr_line' id='line_1_5' title="bbox 191 862 1336 949; baseline -0.001 -20"><span class='ocrx_word' id='word_1_27' title='bbox 191 869 279 930; x_wconf 86' lang='lat' dir='ltr'>certa</span> <span class='ocrx_word' id='word_1_28' title='bbox 301 865 458 949; x_wconf 81' lang='lat' dir='ltr'>quaedam</span> <span class='ocrx_word' id='word_1_29' title='bbox 486 865 694 948; x_wconf 91' lang='lat' dir='ltr'>plumborum</span> <span class='ocrx_word' id='word_1_30' title='bbox 718 863 866 948; x_wconf 82' lang='lat' dir='ltr'>exempla</span> <span class='ocrx_word' id='word_1_31' title='bbox 889 863 988 929; x_wconf 88' lang='lat' dir='ltr'>habet</span> <span class='ocrx_word' id='word_1_32' title='bbox 1010 885 1092 948; x_wconf 86' lang='lat' dir='ltr'>quae</span> <span class='ocrx_word' id='word_1_33' title='bbox 1111 862 1258 928; x_wconf 79' lang='lat' dir='ltr'>Indicum</span> <span class='ocrx_word' id='word_1_34' title='bbox 1281 885 1336 947; x_wconf 85' lang='lat' dir='ltr'>pa-</span> 
     </span>
    </p>
   </div>
   <div class='ocr_carea' id='block_1_3' title="bbox 61 967 951 1057">
    <p class='ocr_par' dir='ltr' id='par_1_3' title="bbox 61 967 951 1057">
     <span class='ocr_line' id='line_1_6' title="bbox 61 967 951 1057; baseline -0.002 -21"><span class='ocrx_word' id='word_1_35' title='bbox 61 975 79 1000; x_wconf 83' lang='lat'>&#39;</span> <span class='ocrx_word' id='word_1_36' title='bbox 190 971 501 1057; x_wconf 84' lang='lat' dir='ltr'>laeographioorum·</span> <span class='ocrx_word' id='word_1_37' title='bbox 515 994 545 1055; x_wconf 87' lang='lat' dir='ltr'>p.</span> <span class='ocrx_word' id='word_1_38' title='bbox 567 967 646 1036; x_wconf 72' lang='lat'><strong>119¹&gt;</strong></span> <span class='ocrx_word' id='word_1_39' title='bbox 669 970 751 1035; x_wconf 87' lang='lat' dir='ltr'>med.</span> <span class='ocrx_word' id='word_1_40' title='bbox 774 970 951 1054; x_wconf 83' lang='lat' dir='ltr'>composui.</span> 
     </span>
    </p>
   </div>
   <div class='ocr_carea' id='block_1_4' title="bbox 108 1287 1461 2550">
    <p class='ocr_par' dir='ltr' id='par_1_4' title="bbox 108 1287 1461 2550">
     <span class='ocr_line' id='line_1_7' title="bbox 280 1287 1389 1375; baseline 0.005 -21"><span class='ocrx_word' id='word_1_41' title='bbox 280 1289 401 1366; x_wconf 78' lang='lat' dir='ltr'>Quarto</span> <span class='ocrx_word' id='word_1_42' title='bbox 426 1291 495 1355; x_wconf 83' lang='lat' dir='ltr'>loeo</span> <span class='ocrx_word' id='word_1_43' title='bbox 518 1311 584 1354; x_wconf 86' lang='lat' dir='ltr'>uon</span> <span class='ocrx_word' id='word_1_44' title='bbox 607 1289 707 1354; x_wconf 86' lang='lat' dir='ltr'>fuerit</span> <span class='ocrx_word' id='word_1_45' title='bbox 733 1287 943 1354; x_wconf 80' lang='lat' dir='ltr'>iniucundum</span> <span class='ocrx_word' id='word_1_46' title='bbox 971 1290 1118 1375; x_wconf 83' lang='lat' dir='ltr'>cognitu,</span> <span class='ocrx_word' id='word_1_47' title='bbox 1151 1289 1236 1374; x_wconf 92' lang='lat' dir='ltr'>quod</span> <span class='ocrx_word' id='word_1_48' title='bbox 1264 1291 1389 1358; x_wconf 84' lang='lat' dir='ltr'>tan-xn</span> 
     </span>
     <span class='ocr_line' id='line_1_8' title="bbox 189 1385 1461 1488; baseline -0.002 -28"><span class='ocrx_word' id='word_1_49' title='bbox 189 1397 261 1460; x_wconf 86' lang='lat' dir='ltr'>dom</span> <span class='ocrx_word' id='word_1_50' title='bbox 293 1385 405 1462; x_wconf 82' lang='lat' dir='ltr'>verum</span> <span class='ocrx_word' id='word_1_51' title='bbox 438 1397 697 1482; x_wconf 87' lang='lat' dir='ltr'>supplementum</span> <span class='ocrx_word' id='word_1_52' title='bbox 735 1395 779 1460; x_wconf 89' lang='lat' dir='ltr'>sit</span> <span class='ocrx_word' id='word_1_53' title='bbox 811 1393 999 1462; x_wconf 75' lang='lat' dir='ltr'>dimidiatae</span> <span class='ocrx_word' id='word_1_54' title='bbox 1031 1396 1211 1462; x_wconf 74' lang='lat' dir='ltr'>lamellae</span> <span class='ocrx_word' id='word_1_55' title='bbox 1248 1393 1334 1458; x_wconf 86' lang='lat' dir='ltr'>illius</span> <span class='ocrx_word' id='word_1_56' title='bbox 1453 1477 1461 1488; x_wconf 92' lang='lat'><strong>.</strong></span> 
     </span>
     <span class='ocr_line' id='line_1_9' title="bbox 189 1501 1334 1587; baseline -0.001 -21"><span class='ocrx_word' id='word_1_57' title='bbox 189 1501 449 1570; x_wconf 78' lang='lat' dir='ltr'>Bononiensis</span> <span class='ocrx_word' id='word_1_58' title='bbox 477 1503 732 1586; x_wconf 84' lang='lat' dir='ltr'>vetustissimae,</span> <span class='ocrx_word' id='word_1_59' title='bbox 764 1523 862 1587; x_wconf 88' lang='lat' dir='ltr'>quam</span> <span class='ocrx_word' id='word_1_60' title='bbox 892 1503 934 1568; x_wconf 90' lang='lat' dir='ltr'>ab</span> <span class='ocrx_word' id='word_1_61' title='bbox 961 1503 1140 1570; x_wconf 84' lang='lat' dir='ltr'>Ariodaute</span> <span class='ocrx_word' id='word_1_62' title='bbox 1166 1501 1334 1567; x_wconf 83' lang='lat' dir='ltr'>Fabrettio</span> 
     </span>
     <span class='ocr_line' id='line_1_10' title="bbox 189 1607 1336 1694; baseline -0.002 -20"><span class='ocrx_word' id='word_1_63' title='bbox 189 1609 366 1675; x_wconf 79' lang='lat' dir='ltr'>Taurinato</span> <span class='ocrx_word' id='word_1_64' title='bbox 393 1609 534 1694; x_wconf 92' lang='lat' dir='ltr'>primum</span> <span class='ocrx_word' id='word_1_65' title='bbox 562 1609 762 1694; x_wconf 80' lang='lat' dir='ltr'>publicatam</span> <span class='ocrx_word' id='word_1_66' title='bbox 786 1607 946 1674; x_wconf 85' lang='lat' dir='ltr'>Glossarii</span> <span class='ocrx_word' id='word_1_67' title='bbox 970 1609 1076 1676; x_wconf 81' lang='lat' dir='ltr'>Italici</span> <span class='ocrx_word' id='word_1_68' title='bbox 1100 1633 1130 1694; x_wconf 90' lang='lat' dir='ltr'>p.</span> <span class='ocrx_word' id='word_1_69' title='bbox 1150 1609 1228 1692; x_wconf 79' lang='lat'><strong>802,</strong></span> <span class='ocrx_word' id='word_1_70' title='bbox 1261 1611 1336 1692; x_wconf 83' lang='lat' dir='ltr'>post</span> 
     </span>
     <span class='ocr_line' id='line_1_11' title="bbox 188 1713 1335 1799; baseline -0.001 -19"><span class='ocrx_word' id='word_1_71' title='bbox 188 1715 378 1781; x_wconf 87' lang='lat' dir='ltr'>Detlefseno</span> <span class='ocrx_word' id='word_1_72' title='bbox 402 1715 548 1780; x_wconf 87' lang='lat' dir='ltr'>adiutore</span> <span class='ocrx_word' id='word_1_73' title='bbox 573 1737 593 1780; x_wconf 91' lang='lat' dir='ltr'>a</span> <span class='ocrx_word' id='word_1_74' title='bbox 614 1715 709 1780; x_wconf 87' lang='lat' dir='ltr'>nobis</span> <span class='ocrx_word' id='word_1_75' title='bbox 732 1717 1009 1799; x_wconf 87' lang='lat' dir='ltr'>repraesentatam</span> <span class='ocrx_word' id='word_1_76' title='bbox 1027 1714 1061 1780; x_wconf 90' lang='lat' dir='ltr'>P.</span> <span class='ocrx_word' id='word_1_77' title='bbox 1076 1714 1110 1779; x_wconf 87' lang='lat' dir='ltr'>L.</span> <span class='ocrx_word' id='word_1_78' title='bbox 1124 1713 1167 1779; x_wconf 88' lang='lat' dir='ltr'>M.</span> <span class='ocrx_word' id='word_1_79' title='bbox 1180 1715 1219 1779; x_wconf 83' lang='lat' dir='ltr'>E.</span> <span class='ocrx_word' id='word_1_80' title='bbox 1237 1737 1268 1798; x_wconf 92' lang='lat' dir='ltr'>p.</span> <span class='ocrx_word' id='word_1_81' title='bbox 1282 1715 1335 1798; x_wconf 79' lang='lat'>97,</span> 
     </span>
     <span class='ocr_line' id='line_1_12' title="bbox 108 1819 1334 1908; baseline -0.002 -20"><span class='ocrx_word' id='word_1_82' title='bbox 108 1849 109 1854; x_wconf 47' lang='lat'>¹</span> <span class='ocrx_word' id='word_1_83' title='bbox 188 1823 336 1908; x_wconf 90' lang='lat' dir='ltr'>pluribus</span> <span class='ocrx_word' id='word_1_84' title='bbox 369 1822 620 1906; x_wconf 79' lang='lat' dir='ltr'>disseptavimus</span> <span class='ocrx_word' id='word_1_85' title='bbox 647 1820 751 1886; x_wconf 89' lang='lat' dir='ltr'>Musei</span> <span class='ocrx_word' id='word_1_86' title='bbox 779 1819 929 1884; x_wconf 86' lang='lat' dir='ltr'>Rhenaui</span> <span class='ocrx_word' id='word_1_87' title='bbox 956 1823 979 1884; x_wconf 83' lang='lat' dir='ltr'>t</span> <span class='ocrx_word' id='word_1_88' title='bbox 1002 1819 1099 1884; x_wconf 86' lang='lat' dir='ltr'>XVII</span> <span class='ocrx_word' id='word_1_89' title='bbox 1126 1843 1156 1906; x_wconf 90' lang='lat' dir='ltr'>p.</span> <span class='ocrx_word' id='word_1_90' title='bbox 1180 1821 1246 1886; x_wconf 83' lang='lat'>605</span> <span class='ocrx_word' id='word_1_91' title='bbox 1265 1843 1334 1905; x_wconf 85' lang='lat' dir='ltr'><strong>sqq.</strong></span> 
     </span>
     <span class='ocr_line' id='line_1_13' title="bbox 188 1924 1391 2013; baseline -0.007 -19"><span class='ocrx_word' id='word_1_92' title='bbox 188 1930 268 1994; x_wconf 80' lang='lat'>640:</span> <span class='ocrx_word' id='word_1_93' title='bbox 297 1951 360 2013; x_wconf 93' lang='lat' dir='ltr'>quo</span> <span class='ocrx_word' id='word_1_94' title='bbox 389 1928 469 1993; x_wconf 88' lang='lat' dir='ltr'>adde</span> <span class='ocrx_word' id='word_1_95' title='bbox 498 1928 538 1993; x_wconf 87' lang='lat' dir='ltr'>ab</span> <span class='ocrx_word' id='word_1_96' title='bbox 562 1927 675 1992; x_wconf 87' lang='lat' dir='ltr'>amicis</span> <span class='ocrx_word' id='word_1_97' title='bbox 699 1925 923 1992; x_wconf 80' lang='lat' dir='ltr'>contradicta</span> <span class='ocrx_word' id='word_1_98' title='bbox 949 1925 993 1991; x_wconf 89' lang='lat' dir='ltr'>ib.</span> <span class='ocrx_word' id='word_1_99' title='bbox 1016 1924 1129 1990; x_wconf 86' lang='lat' dir='ltr'>XVIII</span> <span class='ocrx_word' id='word_1_100' title='bbox 1152 1949 1183 2010; x_wconf 94' lang='lat' dir='ltr'>p.</span> <span class='ocrx_word' id='word_1_101' title='bbox 1205 1927 1264 1992; x_wconf 92' lang='grc'>141</span> <span class='ocrx_word' id='word_1_102' title='bbox 1286 1949 1334 2012; x_wconf 88' lang='lat' dir='ltr'>sq.</span> <span class='ocrx_word' id='word_1_103' title='bbox 1388 1975 1391 1986; x_wconf 94' lang='grc'><em>,</em></span> 
     </span>
     <span class='ocr_line' id='line_1_14' title="bbox 189 2031 1333 2119; baseline -0.003 -18"><span class='ocrx_word' id='word_1_104' title='bbox 189 2035 285 2118; x_wconf 85' lang='lat' dir='ltr'>[Vide</span> <span class='ocrx_word' id='word_1_105' title='bbox 312 2035 402 2101; x_wconf 88' lang='lat' dir='ltr'>infra</span> <span class='ocrx_word' id='word_1_106' title='bbox 425 2057 456 2100; x_wconf 90' lang='lat' dir='ltr'>n.</span> <span class='ocrx_word' id='word_1_107' title='bbox 480 2034 605 2119; x_wconf 79' lang='lat' dir='ltr'>XXII13</span> <span class='ocrx_word' id='word_1_108' title='bbox 639 2033 678 2100; x_wconf 82' lang='lat' dir='ltr'>of.</span> <span class='ocrx_word' id='word_1_109' title='bbox 702 2032 736 2100; x_wconf 79' lang='lat' dir='ltr'>O.</span> <span class='ocrx_word' id='word_1_110' title='bbox 760 2033 783 2099; x_wconf 95' lang='lat' dir='ltr'>I.</span> <span class='ocrx_word' id='word_1_111' title='bbox 807 2031 842 2098; x_wconf 87' lang='lat' dir='ltr'>L.</span> <span class='ocrx_word' id='word_1_112' title='bbox 869 2033 886 2098; x_wconf 95' lang='lat' dir='ltr'>I</span> <span class='ocrx_word' id='word_1_113' title='bbox 915 2055 946 2098; x_wconf 90' lang='lat' dir='ltr'>n.</span> <span class='ocrx_word' id='word_1_114' title='bbox 966 2033 1040 2098; x_wconf 79' lang='lat'><strong>812.</strong></span> <span class='ocrx_word' id='word_1_115' title='bbox 1064 2032 1142 2116; x_wconf 78' lang='lat'>8133</span> <span class='ocrx_word' id='word_1_116' title='bbox 1176 2031 1236 2118; x_wconf 87' lang='lat' dir='ltr'>VI,</span> <span class='ocrx_word' id='word_1_117' title='bbox 1262 2035 1278 2097; x_wconf 92' lang='lat'>1</span> <span class='ocrx_word' id='word_1_118' title='bbox 1302 2055 1333 2098; x_wconf 94' lang='lat' dir='ltr'>n.</span> 
     </span>
     <span class='ocr_line' id='line_1_15' title="bbox 188 2137 1333 2228; baseline -0.003 -20"><span class='ocrx_word' id='word_1_119' title='bbox 188 2142 275 2224; x_wconf 65' lang='lat'>357]</span> <span class='ocrx_word' id='word_1_120' title='bbox 323 2142 450 2228; x_wconf 79' lang='lat' dir='ltr'>Quippe</span> <span class='ocrx_word' id='word_1_121' title='bbox 473 2141 591 2208; x_wconf 76' lang='lat' dir='ltr'>littoris</span> <span class='ocrx_word' id='word_1_122' title='bbox 615 2140 860 2207; x_wconf 78' lang='lat' dir='ltr'>humanissimis</span> <span class='ocrx_word' id='word_1_123' title='bbox 883 2139 1030 2223; x_wconf 85' lang='lat' dir='ltr'>Raphael</span> <span class='ocrx_word' id='word_1_124' title='bbox 1054 2137 1247 2205; x_wconf 85' lang='lat' dir='ltr'>Garruooius</span> <span class='ocrx_word' id='word_1_125' title='bbox 1272 2161 1333 2205; x_wconf 88' lang='lat' dir='ltr'>nos</span> 
     </span>
     <span class='ocr_line' id='line_1_16' title="bbox 188 2245 1333 2330; baseline -0.003 -16"><span class='ocrx_word' id='word_1_126' title='bbox 188 2249 340 2315; x_wconf 80' lang='lat' dir='ltr'>certiores</span> <span class='ocrx_word' id='word_1_127' title='bbox 362 2249 443 2316; x_wconf 81' lang='lat' dir='ltr'>feeit</span> <span class='ocrx_word' id='word_1_128' title='bbox 464 2249 609 2315; x_wconf 90' lang='lat' dir='ltr'>nondum</span> <span class='ocrx_word' id='word_1_129' title='bbox 631 2247 754 2313; x_wconf 82' lang='lat' dir='ltr'>fruetus</span> <span class='ocrx_word' id='word_1_130' title='bbox 777 2246 933 2330; x_wconf 85' lang='lat' dir='ltr'>tabellae,</span> <span class='ocrx_word' id='word_1_131' title='bbox 955 2245 1031 2310; x_wconf 90' lang='lat' dir='ltr'>dum</span> <span class='ocrx_word' id='word_1_132' title='bbox 1050 2245 1175 2311; x_wconf 87' lang='lat' dir='ltr'>Romae</span> <span class='ocrx_word' id='word_1_133' title='bbox 1197 2251 1260 2330; x_wconf 85' lang='lat' dir='ltr'>est,</span> <span class='ocrx_word' id='word_1_134' title='bbox 1283 2269 1333 2312; x_wconf 86' lang='lat' dir='ltr'>ac-</span> 
     </span>
     <span class='ocr_line' id='line_1_17' title="bbox 187 2351 1332 2440; baseline -0.003 -18"><span class='ocrx_word' id='word_1_135' title='bbox 187 2357 427 2424; x_wconf 80' lang='lat' dir='ltr'>curatissimum</span> <span class='ocrx_word' id='word_1_136' title='bbox 451 2357 633 2440; x_wconf 84' lang='lat' dir='ltr'>exemplum</span> <span class='ocrx_word' id='word_1_137' title='bbox 657 2353 849 2420; x_wconf 85' lang='lat' dir='ltr'>delineaudo</span> <span class='ocrx_word' id='word_1_138' title='bbox 876 2355 1027 2438; x_wconf 88' lang='lat' dir='ltr'>paratum</span> <span class='ocrx_word' id='word_1_139' title='bbox 1056 2374 1125 2417; x_wconf 85' lang='lat' dir='ltr'>esso</span> <span class='ocrx_word' id='word_1_140' title='bbox 1147 2351 1332 2439; x_wconf 86' lang='lat' dir='ltr'>inscriptio-</span> 
     </span>
     <span class='ocr_line' id='line_1_18' title="bbox 187 2464 772 2550; baseline -0.005 -22"><span class='ocrx_word' id='word_1_141' title='bbox 187 2486 261 2529; x_wconf 86' lang='lat' dir='ltr'>nem</span> <span class='ocrx_word' id='word_1_142' title='bbox 284 2465 445 2550; x_wconf 85' lang='lat' dir='ltr'>integram</span> <span class='ocrx_word' id='word_1_143' title='bbox 468 2464 568 2528; x_wconf 87' lang='lat' dir='ltr'>talem</span> <span class='ocrx_word' id='word_1_144' title='bbox 590 2465 772 2546; x_wconf 80' lang='lat' dir='ltr'>praestans:</span> 
     </span>
    </p>
   </div>
   <div class='ocr_carea' id='block_1_5' title="bbox 186 3137 1330 3224">
    <p class='ocr_par' dir='ltr' id='par_1_5' title="bbox 186 3137 1330 3224">
     <span class='ocr_line' id='line_1_19' title="bbox 186 3137 1330 3224; baseline 0.001 -21"><span class='ocrx_word' id='word_1_145' title='bbox 186 3139 278 3216; x_wconf 80' lang='lat' dir='ltr'>Quod</span> <span class='ocrx_word' id='word_1_146' title='bbox 302 3140 483 3224; x_wconf 83' lang='lat' dir='ltr'>exemplum</span> <span class='ocrx_word' id='word_1_147' title='bbox 506 3140 562 3205; x_wconf 92' lang='lat' dir='ltr'>ubi</span> <span class='ocrx_word' id='word_1_148' title='bbox 582 3142 736 3224; x_wconf 86' lang='lat' dir='ltr'>servetur,</span> <span class='ocrx_word' id='word_1_149' title='bbox 759 3141 886 3205; x_wconf 81' lang='lat' dir='ltr'>tacente</span> <span class='ocrx_word' id='word_1_150' title='bbox 900 3137 1074 3204; x_wconf 82' lang='lat' dir='ltr'>Garruooio</span> <span class='ocrx_word' id='word_1_151' title='bbox 1093 3138 1330 3224; x_wconf 84' lang='lat' dir='ltr'>incompertum</span> 
     </span>
    </p>
   </div>
   <div class='ocr_carea' id='block_1_6' title="bbox 58 3243 1330 3330">
    <p class='ocr_par' dir='ltr' id='par_1_6' title="bbox 58 3243 1330 3330">
     <span class='ocr_line' id='line_1_20' title="bbox 58 3243 1330 3330; baseline 0.001 -20"><span class='ocrx_word' id='word_1_152' title='bbox 58 3311 61 3318; x_wconf 80' lang='grc'><em>,</em></span> <span class='ocrx_word' id='word_1_153' title='bbox 185 3245 288 3310; x_wconf 90' lang='lat' dir='ltr'>nobis.</span> <span class='ocrx_word' id='word_1_154' title='bbox 333 3245 378 3310; x_wconf 81' lang='lat' dir='ltr'>Et</span> <span class='ocrx_word' id='word_1_155' title='bbox 410 3243 557 3311; x_wconf 84' lang='lat' dir='ltr'>DIOVIS</span> <span class='ocrx_word' id='word_1_156' title='bbox 590 3245 720 3330; x_wconf 89' lang='lat' dir='ltr'>quidem</span> <span class='ocrx_word' id='word_1_157' title='bbox 752 3245 834 3310; x_wconf 92' lang='lat' dir='ltr'>illud</span> <span class='ocrx_word' id='word_1_158' title='bbox 866 3244 1041 3311; x_wconf 78' lang='lat' dir='ltr'>divinando</span> <span class='ocrx_word' id='word_1_159' title='bbox 1074 3246 1203 3329; x_wconf 86' lang='lat' dir='ltr'>assequi</span> <span class='ocrx_word' id='word_1_160' title='bbox 1234 3268 1330 3311; x_wconf 85' lang='lat' dir='ltr'>nemo</span> 
     </span>
    </p>
   </div>
   <div class='ocr_carea' id='block_1_7' title="bbox 183 3347 1331 4075">
    <p class='ocr_par' dir='ltr' id='par_1_7' title="bbox 183 3347 1331 4075">
     <span class='ocr_line' id='line_1_21' title="bbox 186 3347 1329 3436; baseline 0.001 -21"><span class='ocrx_word' id='word_1_161' title='bbox 186 3353 348 3434; x_wconf 86' lang='lat' dir='ltr'>potuerat:</span> <span class='ocrx_word' id='word_1_162' title='bbox 379 3351 507 3436; x_wconf 90' lang='lat' dir='ltr'>quando</span> <span class='ocrx_word' id='word_1_163' title='bbox 536 3351 575 3416; x_wconf 88' lang='lat' dir='ltr'>do</span> <span class='ocrx_word' id='word_1_164' title='bbox 599 3353 690 3415; x_wconf 86' lang='lat' dir='ltr'>oastu</span> <span class='ocrx_word' id='word_1_165' title='bbox 713 3347 840 3415; x_wconf 78' lang='lat' dir='ltr'>Gerenia</span> <span class='ocrx_word' id='word_1_166' title='bbox 865 3351 1037 3415; x_wconf 77' lang='lat' dir='ltr'>constabat</span> <span class='ocrx_word' id='word_1_167' title='bbox 1065 3349 1166 3434; x_wconf 88' lang='lat' dir='ltr'>deque</span> <span class='ocrx_word' id='word_1_168' title='bbox 1189 3349 1329 3435; x_wconf 84' lang='lat' dir='ltr'>Magnae</span> 
     </span>
     <span class='ocr_line' id='line_1_22' title="bbox 186 3453 1331 3541; baseline 0.001 -21"><span class='ocrx_word' id='word_1_169' title='bbox 186 3457 300 3530; x_wconf 84' lang='lat' dir='ltr'>matris</span> <span class='ocrx_word' id='word_1_170' title='bbox 328 3461 434 3541; x_wconf 85' lang='lat' dir='ltr'>oastu,</span> <span class='ocrx_word' id='word_1_171' title='bbox 465 3478 532 3522; x_wconf 90' lang='lat' dir='ltr'>uon</span> <span class='ocrx_word' id='word_1_172' title='bbox 558 3457 637 3521; x_wconf 86' lang='lat' dir='ltr'>item</span> <span class='ocrx_word' id='word_1_173' title='bbox 666 3455 704 3520; x_wconf 88' lang='lat' dir='ltr'>de</span> <span class='ocrx_word' id='word_1_174' title='bbox 732 3454 933 3521; x_wconf 67' lang='lat' dir='ltr'>castulonis</span> <span class='ocrx_word' id='word_1_175' title='bbox 960 3455 1012 3520; x_wconf 83' lang='lat' dir='ltr'>vel</span> <span class='ocrx_word' id='word_1_176' title='bbox 1036 3453 1161 3520; x_wconf 87' lang='lat' dir='ltr'>Diovis.</span> <span class='ocrx_word' id='word_1_177' title='bbox 1206 3453 1269 3521; x_wconf 83' lang='lat' dir='ltr'>Sed</span> <span class='ocrx_word' id='word_1_178' title='bbox 1296 3461 1331 3521; x_wconf 87' lang='lat' dir='ltr'>et</span> 
     </span>
     <span class='ocr_line' id='line_1_23' title="bbox 185 3559 1330 3649; baseline 0.001 -22"><span class='ocrx_word' id='word_1_179' title='bbox 185 3559 355 3647; x_wconf 71' lang='lat' dir='ltr'>casuve,</span> <span class='ocrx_word' id='word_1_180' title='bbox 378 3564 463 3649; x_wconf 93' lang='lat' dir='ltr'>quod</span> <span class='ocrx_word' id='word_1_181' title='bbox 487 3561 726 3627; x_wconf 85' lang='lat' dir='ltr'>substantivum</span> <span class='ocrx_word' id='word_1_182' title='bbox 745 3561 952 3646; x_wconf 86' lang='lat' dir='ltr'>interpretati</span> <span class='ocrx_word' id='word_1_183' title='bbox 971 3583 1091 3645; x_wconf 88' lang='lat' dir='ltr'>sumus,</span> <span class='ocrx_word' id='word_1_184' title='bbox 1114 3565 1147 3626; x_wconf 87' lang='lat' dir='ltr'>et</span> <span class='ocrx_word' id='word_1_185' title='bbox 1164 3563 1330 3648; x_wconf 81' lang='lat' dir='ltr'>participii</span> 
     </span>
     <span class='ocr_line' id='line_1_24' title="bbox 186 3668 1328 3754; baseline 0.001 -20"><span class='ocrx_word' id='word_1_186' title='bbox 186 3669 366 3735; x_wconf 86' lang='lat' dir='ltr'>ablativum</span> <span class='ocrx_word' id='word_1_187' title='bbox 388 3668 590 3754; x_wconf 78' lang='lat' dir='ltr'>FACI&#39;PVD,</span> <span class='ocrx_word' id='word_1_188' title='bbox 612 3668 644 3736; x_wconf 92' lang='lat' dir='ltr'>h.</span> <span class='ocrx_word' id='word_1_189' title='bbox 663 3692 689 3734; x_wconf 91' lang='lat' dir='ltr'>e.</span> <span class='ocrx_word' id='word_1_190' title='bbox 711 3675 798 3736; x_wconf 78' lang='lat' dir='ltr'>austu</span> <span class='ocrx_word' id='word_1_191' title='bbox 818 3670 910 3754; x_wconf 76' lang='lat' dir='ltr'>sacto,</span> <span class='ocrx_word' id='word_1_192' title='bbox 935 3691 990 3734; x_wconf 88' lang='lat' dir='ltr'>eas</span> <span class='ocrx_word' id='word_1_193' title='bbox 1014 3668 1144 3753; x_wconf 84' lang='lat' dir='ltr'>quidem</span> <span class='ocrx_word' id='word_1_194' title='bbox 1168 3670 1328 3735; x_wconf 80' lang='lat' dir='ltr'>coniectu-</span> 
     </span>
     <span class='ocr_line' id='line_1_25' title="bbox 184 3775 1329 3862; baseline 0.001 -21"><span class='ocrx_word' id='word_1_195' title='bbox 184 3798 238 3842; x_wconf 87' lang='lat' dir='ltr'>ras</span> <span class='ocrx_word' id='word_1_196' title='bbox 267 3777 353 3862; x_wconf 82' lang='lat' dir='ltr'>quod</span> <span class='ocrx_word' id='word_1_197' title='bbox 380 3776 476 3862; x_wconf 80' lang='lat' dir='ltr'>plane</span> <span class='ocrx_word' id='word_1_198' title='bbox 507 3797 593 3841; x_wconf 87' lang='lat' dir='ltr'>nuno</span> <span class='ocrx_word' id='word_1_199' title='bbox 624 3777 830 3842; x_wconf 83' lang='lat' dir='ltr'>confirmatas</span> <span class='ocrx_word' id='word_1_200' title='bbox 860 3775 1091 3861; x_wconf 84' lang='lat' dir='ltr'>intelleximus,</span> <span class='ocrx_word' id='word_1_201' title='bbox 1122 3798 1189 3843; x_wconf 93' lang='lat' dir='ltr'>non</span> <span class='ocrx_word' id='word_1_202' title='bbox 1219 3778 1329 3861; x_wconf 88' lang='lat' dir='ltr'>potuit</span> 
     </span>
     <span class='ocr_line' id='line_1_26' title="bbox 183 3879 1328 3968; baseline 0 -20"><span class='ocrx_word' id='word_1_203' title='bbox 183 3905 249 3949; x_wconf 91' lang='lat' dir='ltr'>non</span> <span class='ocrx_word' id='word_1_204' title='bbox 272 3887 460 3968; x_wconf 81' lang='lat' dir='ltr'>pergratum</span> <span class='ocrx_word' id='word_1_205' title='bbox 479 3881 632 3948; x_wconf 83' lang='lat' dir='ltr'>accidere.</span> <span class='ocrx_word' id='word_1_206' title='bbox 665 3879 815 3948; x_wconf 77' lang='lat' dir='ltr'>Getarum</span> <span class='ocrx_word' id='word_1_207' title='bbox 828 3883 1026 3949; x_wconf 87' lang='lat' dir='ltr'>delineatum</span> <span class='ocrx_word' id='word_1_208' title='bbox 1041 3883 1224 3967; x_wconf 87' lang='lat' dir='ltr'>exemplum</span> <span class='ocrx_word' id='word_1_209' title='bbox 1237 3883 1328 3968; x_wconf 90' lang='lat' dir='ltr'>illud,</span> 
     </span>
     <span class='ocr_line' id='line_1_27' title="bbox 184 3989 1327 4075; baseline 0 -21"><span class='ocrx_word' id='word_1_210' title='bbox 184 3989 213 4055; x_wconf 90' lang='lat' dir='ltr'>si</span> <span class='ocrx_word' id='word_1_211' title='bbox 240 3991 336 4056; x_wconf 91' lang='lat' dir='ltr'>modo</span> <span class='ocrx_word' id='word_1_212' title='bbox 364 4013 422 4075; x_wconf 90' lang='lat' dir='ltr'>per</span> <span class='ocrx_word' id='word_1_213' title='bbox 440 3989 606 4054; x_wconf 86' lang='lat' dir='ltr'>Garruocii</span> <span class='ocrx_word' id='word_1_214' title='bbox 633 3989 863 4055; x_wconf 83' lang='lat' dir='ltr'>liberalitatem</span> <span class='ocrx_word' id='word_1_215' title='bbox 887 3989 1012 4074; x_wconf 85' lang='lat' dir='ltr'>licebit,</span> <span class='ocrx_word' id='word_1_216' title='bbox 1039 3991 1187 4074; x_wconf 84' lang='lat' dir='ltr'>proxima</span> <span class='ocrx_word' id='word_1_217' title='bbox 1213 3990 1327 4056; x_wconf 85' lang='lat' dir='ltr'>tabula</span> 
     </span>
    </p>
   </div>
   <div class='ocr_carea' id='block_1_8' title="bbox 183 4091 1326 4292">
    <p class='ocr_par' dir='ltr' id='par_1_8' title="bbox 183 4091 1326 4292">
     <span class='ocr_line' id='line_1_28' title="bbox 183 4091 1326 4184; baseline 0.003 -21"><span class='ocrx_word' id='word_1_218' title='bbox 183 4097 234 4163; x_wconf 92' lang='grc' dir='ltr'>ΙΙΙ</span> <span class='ocrx_word' id='word_1_219' title='bbox 268 4095 390 4180; x_wconf 89' lang='lat' dir='ltr'>[XVII]</span> <span class='ocrx_word' id='word_1_220' title='bbox 422 4117 649 4182; x_wconf 89' lang='lat' dir='ltr'>proponemus.</span> <span class='ocrx_word' id='word_1_221' title='bbox 706 4091 768 4176; x_wconf 83' lang='lat' dir='ltr'><strong>[Of.</strong></span> <span class='ocrx_word' id='word_1_222' title='bbox 801 4094 965 4182; x_wconf 83' lang='lat' dir='ltr'>Supplem.</span> <span class='ocrx_word' id='word_1_223' title='bbox 995 4096 1046 4162; x_wconf 94' lang='lat' dir='ltr'>III</span> <span class='ocrx_word' id='word_1_224' title='bbox 1077 4119 1108 4181; x_wconf 91' lang='lat' dir='ltr'>p.</span> <span class='ocrx_word' id='word_1_225' title='bbox 1134 4095 1194 4162; x_wconf 92' lang='lat' dir='ltr'>XV</span> <span class='ocrx_word' id='word_1_226' title='bbox 1227 4095 1326 4184; x_wconf 80' lang='lat' dir='ltr'>(infra</span> 
     </span>
     <span class='ocr_line' id='line_1_29' title="bbox 183 4199 1017 4292; baseline -0.007 -20"><span class='ocrx_word' id='word_1_227' title='bbox 183 4228 213 4292; x_wconf 91' lang='lat' dir='ltr'>p.</span> <span class='ocrx_word' id='word_1_228' title='bbox 232 4203 312 4290; x_wconf 82' lang='lat'>533)</span> <span class='ocrx_word' id='word_1_229' title='bbox 331 4227 414 4291; x_wconf 87' lang='lat' dir='ltr'><strong>sqq.;</strong></span> <span class='ocrx_word' id='word_1_230' title='bbox 449 4202 497 4268; x_wconf 92' lang='lat' dir='ltr'>IV</span> <span class='ocrx_word' id='word_1_231' title='bbox 519 4225 550 4287; x_wconf 94' lang='lat' dir='ltr'>p.</span> <span class='ocrx_word' id='word_1_232' title='bbox 569 4199 664 4267; x_wconf 85' lang='lat' dir='ltr'>XVII</span> <span class='ocrx_word' id='word_1_233' title='bbox 688 4199 788 4286; x_wconf 82' lang='lat' dir='ltr'>(inira</span> <span class='ocrx_word' id='word_1_234' title='bbox 809 4224 840 4286; x_wconf 92' lang='lat' dir='ltr'>p.</span> <span class='ocrx_word' id='word_1_235' title='bbox 859 4201 938 4287; x_wconf 83' lang='lat'>556)</span> <span class='ocrx_word' id='word_1_236' title='bbox 958 4205 1017 4286; x_wconf 90' lang='lat' dir='ltr'>sq.]</span> 
     </span>
    </p>
   </div>
   <div class='ocr_carea' id='block_1_9' title="bbox 0 0 1612 5082">
    <p class='ocr_par' dir='ltr' id='par_1_9' title="bbox 0 0 1612 5082">
     <span class='ocr_line' id='line_1_30' title="bbox 0 0 1612 5082; baseline 0 3"><span class='ocrx_word' id='word_1_237' title='bbox 0 0 1612 5082; x_wconf 95' lang='lat' dir='ltr'> </span> 
     </span>
    </p>
   </div>
  </div>
 </body>
</html>
