3116 5066
290 355 352 421 122
567 373 788 422 MONVMENTA
811 373 1046 422 EPIGRAPHICA
1070 377 1161 422 ΤΒΙΑ.

289 539 372 582 anno
396 517 462 583 620
485 527 659 602 supparem
682 539 752 582 esse
770 517 859 583 LON
862 516 921 584 GV
941 523 974 584 et
992 517 1135 584 VORsv
1155 519 1317 605 scriptura
1340 521 1449 586 facile

287 624 462 709 persuadet
484 627 520 689 ut
543 622 757 711 credamus*);
785 647 849 711 quc
871 629 1001 710 praeter
1023 623 1191 691 Pellanam
1213 629 1364 694 nostram
1391 649 1448 694 ac-

289 731 373 796 cedit
394 753 460 797 non
485 731 588 796 multo
612 733 772 816 posterior
794 731 970 798 Ferentins
993 732 1050 798 illa
1074 731 1122 815 [0.
1140 733 1165 798 Ι.
1184 733 1219 798 L.
1245 731 1311 800 In.
1338 736 1448 821 11613

289 837 322 903 P.
351 837 387 902 L.
414 837 457 906 M.
485 837 523 904 u.
551 839 617 904 tab.
639 831 777 904 LXVIII
792 839 855 924 DJ,
883 839 917 904 in
945 861 1009 924 qua
1040 861 1154 926 reapse
1176 840 1448 920 MVROSQVE·

288 943 454 1010 AFSOLO
471 980 478 994 ·
493 943 738 1011 FAOIVNDA·
758 945 1025 1012 OOERAVERE
1051 949 1208 1033 scriptum
1233 952 1296 1032 est,
1320 951 1449 1017 vitiose

288 1051 337 1116 Α·
357 1051 465 1118 SOLO
484 1052 606 1117 editum
625 1075 645 1116 6
663 1053 842 1120 Murutorio
861 1079 891 1140 p.
911 1055 987 1139 477,
1010 1056 1037 1140 l,
1054 1055 1205 1121 vitiosius
1224 1055 1272 1121 E·
1293 1054 1408 1124 SOLO
1428 1083 1450 1124 a

288 1159 426 1225 Grutero
449 1183 481 1245 p.
506 1158 579 1243 165,
602 1160 622 1224 2
646 1157 831 1246 Orellioque
853 1183 885 1226 11.
909 1159 983 1245 589,
1001 1161 1147 1245 proxime
1170 1163 1211 1228 ad
1230 1185 1344 1229 verum
1366 1165 1448 1232 AE-

289 1265 395 1332 SOLO
420 1289 439 1332 a
461 1266 624 1332 Bunsenio
647 1267 682 1330 in
700 1266 816 1334 Annal.
834 1267 914 1334 Inst.
939 1266 1025 1333 arch.
1049 1291 1076 1334 a.
1098 1270 1183 1336 1834
1206 1292 1237 1355 p.
1262 1272 1337 1336 144.
1379 1271 1447 1338 Sed

261 1373 348 1440 shas
371 1377 481 1438 tamen
504 1376 633 1439 tantum
661 1375 814 1460 reliquias
845 1375 1001 1460 quaedam
1030 1397 1100 1442 esse
1123 1377 1218 1463 longe
1246 1380 1447 1445 vetustioris

288 1480 528 1546 consuetudinis
548 1481 623 1546 hinc
641 1481 853 1566 intellegitur,
872 1483 957 1568 quod
977 1482 1035 1548 AB
1053 1483 1159 1548 forma
1176 1505 1242 1550 non
1256 1484 1291 1549 in
1305 1487 1446 1570 septimi

287 1591 417 1652 tantum
441 1588 560 1654 saeculi
588 1588 715 1675 legibus
744 1589 894 1654 omnibus
922 1590 994 1655 sola
1015 1593 1132 1675 regnat
1154 1594 1191 1656 ut
1213 1591 1248 1656 in
1271 1589 1446 1660 ‘Servilia'

289 1699 322 1760 et
346 1693 501 1781 thoris,
524 1696 604 1760 item
622 1697 657 1761 in
674 1695 891 1761 Minuciorum
911 1697 1072 1762 sententia
1091 1696 1243 1781 Genuati,
1265 1699 1324 1764 sed
1344 1706 1445 1768 sexto

287 1801 353 1866 iam
377 1803 506 1868 saeculo
530 1803 564 1868 in
587 1801 645 1869 SC.
669 1803 707 1868 de
730 1801 956 1868 Bacanslibus.
1003 1804 1073 1882 Quo
1097 1805 1202 1891 magis
1226 1805 1341 1872 mirari
1360 1808 1445 1873 licet

288 1910 441 1996 semel**)
470 1914 638 1994 praeterea
666 1909 723 1974 AF
751 1912 914 1994 repertum
938 1933 1008 1976 esse
1035 1910 1070 1976 in
1093 1910 1284 1978 Laodicensi
1312 1913 1355 1978 ad
1383 1937 1443 1980 an-

286 2037 364 2081 num
397 2017 524 2082 circiter
559 2017 624 2082 670
657 2017 870 2102 probabiliter
902 2017 1014 2084 referri
1042 2019 1139 2084 solita
1167 2017 1216 2101 [0.
1243 2019 1268 2084 I.
1295 2019 1332 2086 L.
1361 2021 1379 2085 I
1411 2045 1443 2087 n.

287 2123 365 2206 5873
397 2123 430 2188 P.
454 2123 489 2189 L.
508 2123 551 2188 M.
574 2123 612 2190 Ε.
634 2124 701 2189 tab.
724 2122 844 2188 LXXII
858 2123 922 2206 B]:
954 2125 989 2190 in
1013 2147 1075 2210 qua
1097 2123 1315 2192 POPVLVS·
1334 2126 1442 2194 LAO-

286 2228 506 2296 DIOENSIS·
521 2230 594 2295 AF·
609 2228 722 2296 LYCO
740 2233 826 2296 recte
846 2231 911 2316 legi
929 2231 1016 2316 apud
1037 2231 1175 2298 Gudium
1194 2255 1225 2319 p.
1246 2235 1319 2318 143,
1338 2233 1443 2300 Mari-

287 2337 377 2402 nium
401 2336 473 2403 Act.
502 2337 602 2403 arval.
629 2359 659 2422 p.
687 2337 759 2420 768,
788 2335 947 2402 Orellium
973 2360 1004 2404 n.
1027 2340 1128 2424 3036,
1152 2341 1303 2407 mendose
1328 2341 1379 2406 A·
1396 2341 1443 2407 F·

286 2441 400 2510 LYOO
424 2449 500 2530 post
524 2443 680 2530 Sponium
709 2443 744 2508 in
767 2441 801 2509 0.
824 2443 849 2508 Ι.
873 2443 928 2510 Gr.
956 2449 979 2510 t.
1002 2445 1051 2511 III
1078 2469 1108 2531 p.
1133 2448 1196 2513 769
1222 2449 1329 2530 scribi,
1353 2451 1442 2516 satis

285 2553 405 2637 poterit
433 2553 590 2618 similium
618 2551 818 2638 comparatio
847 2552 961 2617 docere
988 2552 1109 2619 ibidem
1136 2558 1169 2618 et
1191 2579 1222 2640 p.
1252 2557 1316 2621 774
1347 2577 1441 2622 com·

285 2661 482 2744 positorum:
514 2657 784 2725 PRVSIENSES
804 2695 810 2707 ·
834 2657 921 2724 ΑΒ·
945 2658 1090 2744 ΗΥΡΙΟ,
1113 2658 1323 2727 PRVSAIS·
1346 2661 1413 2727 ΑΒ
1434 2699 1441 2712 ·

285 2767 471 2852 OLYMPO,
495 2763 763 2832 PRVSIENSES
778 2799 785 2814 ·
800 2764 859 2830 AB
875 2801 881 2814 ·
900 2765 1035 2850 Manu,
1057 2765 1279 2834 APAMENI·
1293 2767 1351 2832 ΑΒ
1363 2819 1371 2832 .
1384 2819 1393 2836 .
1406 2822 1412 2835 .
1425 2822 1442 2854 .,

285 2895 416 2957 prorsus
436 2875 477 2938 ad
501 2873 746 2938 similitudinem
771 2891 961 2957 graecorum
984 2874 1440 2963 ΠΡΟΥΣΙΕΙΣΑΠΟΥΠΙΟΥ,

284 2979 822 3064 ΠΡΟΥΣΑΕΙΣΑΠΟΟΛΥΜΠΟΥ,
845 2981 1440 3069 ΠΡΟΥΣΙΕΙΣ·ΑΠο·ΘΑΛΑΣΣΗΣ,

286 3108 481 3170 quamquam
501 3087 534 3150 in
553 3087 658 3172 primo
674 3085 821 3171 exemplo
837 3087 997 3152 variatum
1013 3089 1104 3152 e'stO
1124 3089 1274 3154 ΔΗΜΟΣ
1294 3089 1320 3155 O
1340 3090 1440 3158 ΛΑΟ·

286 3191 436 3259 ΔΙΚΕΩΝ
470 3193 550 3258 ΤΩΝ
580 3193 693 3259 ΠΡΟΣ
721 3193 783 3259 ΤΩΙ
813 3193 945 3278 ΛΥΚΩΙ,
988 3193 1148 3279 quomodo
1181 3195 1280 3260 etiam
1314 3191 1438 3264 Strabo

286 3299 430 3386 loquitur
462 3298 526 3364 XII
553 3322 584 3385 p.
612 3298 677 3365 578
707 3297 793 3364 Cas:
830 3303 867 3365 ut
894 3302 1019 3366 taceam
1047 3300 1229 3367 inauditam
1257 3299 1439 3370 F·notam

285 3429 345 3490 pro
369 3406 479 3472 Fluvio
506 3407 656 3491 positam.
701 3406 788 3472 Illud
815 3407 917 3491 igitur
939 3429 1007 3474 non
1029 3407 1148 3473 habere
1172 3431 1223 3473 me
1246 3408 1356 3476 fateor
1379 3411 1437 3496 qui

286 3535 356 3578 esse
388 3514 509 3579 factum
542 3513 663 3579 dicam:
699 3514 764 3578 nisi
795 3513 881 3580 forte
914 3515 978 3581 alia
1011 3537 1138 3600 quoquc
1171 3516 1330 3600 quaedam
1364 3540 1437 3583 esse

286 3619 665 3686 dixeris'remotissimae
688 3623 806 3686 aetatis
829 3621 970 3708 propria,
993 3643 1074 3706 quae
1099 3623 1198 3687 semel
1221 3623 1312 3688 bisve
1336 3625 1435 3710 longe

284 3727 464 3813 posteriore
496 3729 641 3813 tempore
672 3733 802 3814 praeter
835 3729 1111 3813 exspectationem
1139 3730 1281 3796 redeant.
1332 3731 1436 3798 Velut

284 3835 465 3901 obsoletam
493 3834 562 3899 ollei
583 3855 643 3918 pro
671 3835 736 3901 illei
768 3834 907 3900 formam
940 3857 999 3900 nec
1028 3835 1110 3902 sexti
1138 3837 1283 3920 quintive
1312 3840 1433 3905 saeculi

284 3945 494 4008 monumenta
512 3943 680 4026 praestant
697 3941 740 4024 (si
760 3942 942 4008 columnam
961 3945 1146 4028 rostratam,
1164 3945 1201 4008 ut
1221 3949 1271 4010 est
1285 3967 1435 4031 aequum,

285 4048 418 4114 missam
437 4048 575 4135 feceris),
593 4069 653 4114 nec
672 4049 811 4134 septimo
829 4049 939 4135 legum
958 4049 1131 4115 multitudo
1149 4052 1254 4116 novit:
1274 4055 1434 4118 ettamen

324 4201 330 4206 ·
373 4194 399 4258 *)
416 4189 468 4261 [of.
480 4189 590 4260 neap.
605 4189 709 4262 cuer]
723 4191 751 4245 a
767 4195 798 4242 ro
810 4188 887 4260 [rer]
899 4189 928 4244 a
942 4189 972 4242 P.
984 4187 1013 4244 Ι..
1025 4189 1103 4244 uu,
1118 4190 1214 4246 anan.
1228 4197 1311 4261 arr.
1330 4192 1358 4248 c.
1373 4191 1432 4264 ua]

357 4275 400 4344 ”l
420 4277 473 4348 [Cf.
492 4276 522 4332 P.
541 4277 571 4331 L.
591 4277 629 4333 M.
652 4277 683 4330 Ε.
709 4277 804 4347 Suppl.
831 4277 928 4333 Eue-rr.
947 4295 973 4346 p.
995 4281 1045 4330 105
1065 4294 1121 4347 sq.:
1147 4279 1205 4333 ‘AF
1225 4281 1332 4336 formae
1351 4281 1434 4336 omisi

195 4385 197 4390 ·
285 4361 352 4418 olim
378 4363 455 4418 aliud
474 4365 633 4436 exemplum
652 4365 726 4435 quod
745 4367 789 4420 est
806 4367 882 4436 apud
900 4365 1051 4420 Matinium
1070 4368 1132 4424 Act
1151 4370 1217 4424 Are.
1235 4387 1263 4440 p.
1284 4375 1336 4425 2³3
1355 4369 1432 4424 cml]-

285 4451 404 4593 avpp-
421 4451 546 4508 cocvu
562 4483 568 4496 ·
584 4454 761 4512 onuruvu
778 4485 783 4496 -
798 4455 867 4512 xv·
884 4454 931 4508 as
943 4483 949 4498 -
963 4453 1164 4514 chsurm·
1179 4459 1221 4514 se
1233 4489 1239 4502 ·
1253 4459 1276 4514 s
1288 4488 1295 4502 ·
1309 4457 1430 4514 avrs’

285 4539 315 4594 0·
372 4539 391 4612 ·]
