3246 5074
624 418 904 466 svreneunurvu
927 422 959 467 v.
1293 403 1356 467 571

214 583 281 626 nou
305 583 374 625 esse
398 560 525 624 aliunde
548 561 753 645 repetendam
772 561 835 626 nisi
855 584 872 626 e
891 561 1087 627 reverentiae
1107 584 1202 628 sensu
1219 561 1358 648 quodem

216 688 297 751 quae
321 667 423 750 ipsius
446 659 743 733 IMPERATORIS
766 690 923 752 personae
947 672 1044 753 atque
1065 669 1231 735 maiestati
1249 669 1359 734 deberi

216 773 387 840 videretur.

304 1091 478 1158 Commode
502 1093 677 1178 explendae
706 1095 837 1159 tabulae
865 1099 976 1179 aptum
1006 1099 1077 1159 erat
1099 1095 1359 1180 fragmeniume

218 1199 385 1263 manubrio
410 1199 522 1282 scyphi
546 1200 640 1264 vitrei
665 1205 843 1286 superstes,
867 1202 952 1287 quod
972 1225 991 1266 a
1009 1201 1156 1266 Brunnio
1174 1222 1359 1286 possessum

216 1308 249 1367 et
271 1326 395 1369 meeum
419 1307 692 1372 communicatum
721 1308 780 1371 sub
803 1307 839 1372 F
862 1307 1055 1372 imitandum
1085 1308 1203 1372 curari.
1247 1307 1287 1371 In
1310 1330 1359 1370 su-

214 1410 342 1493 periore
364 1415 458 1495 perte
482 1413 605 1497 scripta

699 1536 872 1604 ASINI

646 1679 658 1708 0
698 1642 876 1707 PILIPI

213 1766 360 1848 nomina,
393 1788 475 1849 quae
499 1767 533 1830 in
556 1767 710 1832 inferiore
737 1766 843 1830 minus
872 1767 966 1852 plene
994 1767 1166 1852 neronior,
1197 1768 1266 1853 ipse
1293 1769 1359 1832 iem

214 1871 377 1937 anniu's
401 1873 435 1936 in
459 1871 663 1937 ‘Bullettino'
687 1871 772 1936 arch.
791 1873 883 1937 Rom.
907 1895 934 1938 a.
956 1874 1040 1938 1864
1065 1896 1095 1956 p.
1115 1874 1157 1938 83
1180 1875 1360 1940 rectissime

214 1977 296 2043 dixit
319 1979 521 2062 temporibus
549 1979 654 2044 medio
683 1979 810 2043 soeculo
829 1979 978 2062 septimo
1001 1980 1165 2064 prioribus
1188 1979 1360 2046 tribuenda

213 2084 316 2150 rideri
344 2088 478 2170 propter
505 2085 689 2170 neglectam
718 2108 790 2150 eum
815 2085 1046 2170 aspirationem
1074 2089 1143 2151 ium
1167 2087 1359 2171 geminatio·

214 2212 288 2254 nem
311 2192 567 2257 consonantium.
600 2191 722 2258 Omissi
745 2195 853 2256 autem
877 2191 1095 2275 praenominis
1118 2190 1199 2256 hoec
1220 2191 1359 2257 fortasse

215 2321 329 2363 caussa
352 2299 428 2382 fuit,
456 2298 540 2382 quod
564 2321 630 2364 non
653 2299 709 2363 uni
733 2299 829 2363 alicui
851 2298 981 2382 Asinio,
1008 2298 1064 2363 sed
1087 2297 1229 2362 eiusdem
1252 2298 1359 2382 gentis

215 2409 249 2468 ei
270 2405 414 2469 familiae
441 2404 626 2471 hominibus
655 2405 802 2487 pluribus
830 2405 1055 2489 communique
1084 2403 1156 2468 usui
1184 2404 1359 2469 domestico
1427 2447 1429 2450 -

217 2511 384 2576 vesculum
407 2511 604 2576 desiinaium
628 2515 707 2574 erat,
