3254 5090
279 346 346 411 430
434 327 472 410 is
496 363 609 412 aneas
633 365 824 412 vrssuamrr
847 363 1033 412 succursu
1057 362 1264 411 CORNELIAM

279 525 399 568 annum
424 505 489 570 683
512 506 594 570 lata:
619 527 702 590 quae
725 507 753 570 si
777 506 817 569 ad
841 506 1045 590 disciplinam
1064 505 1229 589 publicam
1248 485 1339 568 urbis
1357 505 1425 568 uni-

278 632 405 675 versam
430 613 625 695 spectaverit
648 610 746 697 (bine
771 611 963 696 allgemeine
990 610 1270 696 hauptst'a'dtisohe
1293 609 1426 676 Polizei-

278 715 463 803 ordnung'),
490 741 556 784 non
581 739 676 803 aegre
701 718 848 803 intellegi
876 719 931 802 qui
955 722 988 782 et
1011 718 1050 782 de
1073 718 1234 782 libertinis
1258 716 1425 802 ‘ingenuo-

277 846 349 888 rum
372 824 512 890 honores
536 829 569 890 ct
593 825 768 912 dignitates
793 823 1077 909 attemptantibus’
1098 828 1130 890 et
1148 825 1187 890 de
1206 847 1283 889 cura
1300 825 1426 890 riarum

270 931 455 1024 ‘praescribi
483 931 592 998 eadem
629 933 702 1016 lege
730 933 882 1018 potuerit.
932 932 970 996 Id
998 935 1154 1016 quantum
1182 931 1426 1015 probabilitatis

278 1039 327 1103 vel
351 1039 472 1104 habeat
494 1039 545 1104 vel
568 1059 633 1103 non
661 1039 796 1122 habeat,
823 1038 965 1104 viderint
992 1059 1091 1122 penes
1119 1059 1199 1122 quos
1227 1041 1277 1102 est
1304 1037 1339 1101 in
1367 1038 1426 1100 tali

277 1165 392 1210 caussa
415 1145 582 1229 iudicium,
606 1134 832 1211 iureconsulti:
855 1145 950 1210 nobis
974 1144 1116 1209 fatemur
1138 1145 1186 1207 ita
1205 1149 1426 1228 comparatum

278 1251 380 1316 videri
402 1257 453 1336 ut,
476 1275 671 1337 quamquam
694 1253 763 1318 fieri
784 1275 850 1318 non
873 1252 1018 1336 potuisse
1042 1252 1256 1316 demonstrari
1279 1255 1427 1336 nequeat,

181 1403 195 1421 .
278 1362 390 1424 tamen
413 1360 633 1444 simplicitatis
658 1359 970 1425 commendationem
993 1358 1047 1422 vix
1070 1357 1200 1420 habeat.

366 1465 488 1532 Verum
516 1467 555 1531 de
583 1467 645 1533 hoe
673 1489 874 1552 quocumque
902 1464 998 1530 modo
1027 1463 1278 1547 existimabitur,
1311 1464 1426 1558 saltem

178 1577 182 1589 ⁴
277 1573 401 1636 aarum
433 1578 615 1640 curatorem
648 1574 682 1639 in
708 1573 817 1658 lapide
845 1571 1007 1637 Tolosauo
1041 1570 1172 1635 omnino
1204 1569 1329 1636 nullum
1357 1595 1426 1637 urn-

278 1701 374 1761 quam
397 1679 497 1745 fuisse
526 1681 606 1745 satis
635 1703 694 1746 nos
719 1679 995 1744 demonstraturos
1027 1676 1226 1743 confidimus.
1273 1677 1426 1754 Quamvis

279 1787 365 1851 euim
388 1787 428 1852 de
451 1809 490 1852 ea
509 1787 661 1871 lectione,
691 1809 773 1872 quae
797 1791 848 1851 est
871 1784 958 1851 CVR
972 1783 1112 1868 -VIAIu
1143 1783 1229 1848 inter
1251 1782 1427 1850 Marinium

278 1897 311 1956 et
328 1892 524 1976 Dumegium
548 1894 731 1977 conveniat,
754 1898 863 1958 tamen
886 1893 983 1978 longe
1008 1891 1096 1956 aliud
1117 1893 1234 1974 ectypa
1253 1891 1316 1955 duo
1335 1891 1427 1956 ehar-

278 2002 371 2063 taeea
393 1999 494 2083 ipsius
518 1999 636 2084 lapidis
660 2001 846 2082 docuerunt,
870 2021 951 2083 quae
971 1997 1188 2064 intercedente
1207 1997 1428 2062 eruditissima

172 2187 175 2194 .
279 2105 383 2171 amica
410 2105 559 2171 Parisina
590 2106 802 2172 Hortensia
833 2104 957 2172 Cornu
989 2110 1124 2192 rogatus
1157 2126 1176 2170 a
1204 2103 1329 2171 Leone
1357 2104 1427 2168 Re·

278 2213 385 2278 niero
409 2212 593 2278 academiae
613 2212 796 2278 Tolosanae
819 2213 983 2297 professor
1004 2211 1125 2294 Barry
1148 2211 1219 2294 pari
1239 2211 1427 2296 diligentiae

278 2321 397 2405 peritia
420 2342 439 2385 a
463 2341 497 2385 se
520 2323 636 2404 parata
659 2321 762 2402 misit,
786 2341 887 2405 eoque
912 2321 944 2384 et
967 2317 1145 2384 officiosius
1169 2321 1202 2380 et
1220 2339 1320 2402 prope
1340 2318 1426 2383 dire-

277 2427 341 2492 rim
375 2427 579 2493 ambitiosius
611 2429 741 2511 parata,
775 2426 860 2510 quod
891 2425 977 2490 hunc
1013 2423 1154 2508 lapidem
1186 2424 1250 2488 nisi
1283 2423 1427 2489 fallimur

277 2555 376 2615 unum
405 2535 509 2599 solum
531 2534 627 2599 hodie
655 2533 883 2618 Francogallia
911 2536 1019 2597 servat
1050 2529 1281 2596 aesculeae.
1309 2535 1426 2597 octavo

278 2640 503 2725 antiquiorem.
541 2639 636 2704 Vnde
660 2639 745 2724 quod
768 2637 1012 2722 exprimendum
1036 2637 1220 2703 curavimus
1243 2638 1277 2702 in
1301 2637 1428 2702 adiecta
1477 2675 1480 2681 ·

277 2747 352 2812 huie
375 2748 642 2814 commentariolo
672 2747 785 2812 tabula
808 2745 990 2829 exemplum
1018 2743 1277 2828 lithographum,
1308 2719 1428 2828 planis·

278 2855 360 2920 sime
388 2853 530 2920 ostendit
557 2855 636 2918 duas
664 2853 703 2918 de
725 2853 832 2936 lapide
862 2850 1052 2935 particulas,
1085 2870 1166 2933 quae
1194 2850 1279 2914 eirea
1306 2871 1426 2914 annum

280 2961 364 3026 1829
398 2961 589 3045 superstites
621 2959 724 3043 fuere,
756 2980 841 3023 nune
873 2959 1001 3022 avulsas
1029 2978 1112 3021 esse:
1145 2956 1282 3020 alteram
1314 2977 1426 3020 versus

278 3067 424 3150 secundi,
452 3068 589 3132 alteram
613 3087 762 3132 versuum
785 3064 884 3128 trium
908 3065 959 3128 vel
983 3064 1094 3148 potius
1118 3066 1272 3146 quattuor
1294 3061 1426 3128 ultimo

277 3195 350 3238 rum
373 3172 527 3238 mediam:
557 3178 671 3238 contra
699 3173 733 3238 in
756 3171 814 3236 illa
837 3171 961 3255 aliquid
984 3174 1111 3236 exstare
1135 3191 1155 3233 a
1177 3167 1337 3254 Dumegio
1359 3189 1426 3232 non

277 3280 384 3344 minus
405 3280 591 3366 neglectum
614 3301 711 3364 quam
731 3301 750 3342 a
768 3277 917 3343 Marinio.
951 3275 1038 3352 Quae
1063 3276 1148 3340 enim
1171 3275 1282 3340 littera
1305 3275 1426 3358 exeipit

277 3385 382 3453 CVR·
406 3387 547 3471 litteras,
579 3409 651 3452 eam
678 3389 766 3451 certo
796 3388 931 3470 apparet
958 3384 1048 3448 nullo
1078 3381 1175 3447 modo
1198 3379 1229 3445 V
1253 3403 1336 3464 esse,
1369 3380 1426 3444 sed

278 3497 334 3558 aut
361 3493 409 3577 M,
439 3498 495 3558 aut
524 3495 609 3580 quod
637 3515 748 3559 omnes
776 3514 928 3558 numeros
961 3489 1203 3575 probabilitatis
1236 3488 1348 3572 habet,
1380 3488 1426 3552 A:

278 3599 405 3684 quando
433 3621 491 3664 nec
518 3605 586 3664 tam
614 3599 785 3666 divaricati
809 3619 879 3663 esse
903 3595 937 3661 M
965 3597 1095 3662 litterae
1127 3594 1225 3680 pedes
1257 3595 1363 3659 solent
1393 3598 1426 3657 et

277 3713 480 3772 ususversae
503 3707 686 3772 trabeculae
717 3705 798 3772 adeo
826 3705 942 3769 umbra
965 3701 1123 3787 quaedam
1148 3722 1315 3784 superesse
1338 3699 1425 3764 vide-

277 3817 339 3879 tur.
386 3811 508 3890 Quodsi
536 3813 577 3877 ab
601 3814 630 3877 A
659 3811 848 3897 incipientia
875 3810 1034 3877 vocabula
1062 3807 1339 3891 circumspexeris,
1371 3807 1425 3870 vix

276 3923 357 4004 puto
381 3920 470 3985 aliud
494 3919 579 4004 quod
602 3919 665 3984 hue
684 3919 820 4004 quadret
838 3921 967 4003 praeter
983 3915 1137 3992 AQVAR
1155 3914 1311 3998 reperies:
1334 3913 1425 3978 cuius

277 4028 365 4094 vocis
388 4028 500 4092 littera
523 4027 675 4104 alterati
704 4027 733 4092 si
760 4026 825 4090 iam
848 4023 980 4089 Mariuii
1009 4026 1117 4088 aetate
1141 4043 1158 4086 e
1182 4019 1285 4085 fracto
1309 4019 1355 4084 ibi
1378 4019 1424 4083 la·

277 4135 351 4219 pide
375 4135 494 4200 extrita
517 4139 601 4218 erat,
633 4133 703 4198 fieri
731 4131 883 4197 facillime
912 4131 1020 4216 potuit
1048 4133 1084 4194 ut
1111 4129 1166 4194 ille
1189 4127 1262 4212 ipsa
1284 4126 1314 4191 Α
1338 4127 1425 4191 incu-

276 4241 362 4306 riose
388 4242 618 4326 praetermissa
645 4239 809 4324 proximas
831 4237 924 4303 VAR
952 4239 1092 4322 litteras,
1119 4257 1201 4320 quae
1226 4233 1354 4319 quidem
1378 4233 1425 4296 in-

276 4348 390 4432 tellegi
407 4370 473 4414 non
491 4351 637 4431 possent,
661 4345 795 4411 calidius
814 4343 924 4419 VIAIt
942 4344 1219 4428 interpretaretur.
1251 4337 1320 4404 Nee
1339 4339 1424 4406 enim

278 4453 346 4517 sine
380 4454 487 4536 aliqua
513 4453 636 4516 incuria
664 4452 882 4516 examinatum
915 4451 1209 4534 transcriptumque
1238 4469 1257 4514 a
1285 4431 1424 4510 Marinio
