3246 5082
306 351 371 416 316
741 369 789 416 nn
813 373 900 417 roan
921 373 1022 418 monn

306 507 565 576 GLATRATAS
580 546 586 560 ·
606 510 639 575 ΙΙ
658 545 664 558 ·
680 509 775 576 CVM
788 545 796 562 ·
810 510 1018 578 POSTIBVS
1034 548 1040 561 ·
1055 509 1347 579 AESCVLNIEIS
1361 549 1368 562 ·
1382 511 1453 578 FA-

244 615 258 642 '
307 616 419 704 OlTO,
442 642 470 683 v.
487 620 526 684 ll
546 617 714 684 EISDEM
732 655 739 667 ·
760 655 766 668 ·
785 655 792 668 ·
812 655 818 668 ·
837 620 1065 686 PARIETEM
1080 656 1087 670 ·
1102 619 1194 688 CVM
1210 656 1216 668 ·
1230 619 1452 686 MARGINE·

307 723 654 791 ALTVM·FAOITO
670 725 799 812 ·P·X‚
836 751 864 792 v.
890 728 930 793 13
952 725 1120 793 EISDEM
1139 763 1145 776 ·
1164 726 1330 794 osnlvn
1352 763 1360 777 ·
1384 763 1391 776 ·
1414 763 1451 778 ··

307 830 563 898 FENESTRAS
587 867 594 881 ·
618 866 624 879 ·
649 867 655 881 ·
679 867 686 880 ·
710 830 937 899 PARIETEM
955 867 963 882 ·
982 831 1235 900 OPSTRVITO.
1284 835 1451 902 Postremo

305 943 421 1006 nostra
443 942 550 1005 aetate
573 939 645 1023 ipsa
667 939 887 1026 eisdemque
915 941 1099 1025 probauit
1125 940 1268 1006 formula
1291 940 1412 1026 prodiit
1433 963 1451 1006 e

307 1046 533 1113 Tarracinensi
556 1045 655 1110 titulo
674 1046 763 1112 cuius
781 1047 934 1112 notitiam
954 1045 991 1112 G.
1005 1046 1191 1113 Melchiorri
1215 1047 1305 1114 dedit
1327 1049 1362 1113 in
1375 1047 1451 1114 Bul·

306 1155 375 1219 lett.
399 1153 502 1219 instit.
526 1153 685 1220 archaeol.
708 1153 802 1221 Rom.
825 1177 853 1220 a.
875 1155 960 1221 1842
982 1177 1013 1239 p.
1033 1156 1075 1222 98
1108 1153 1156 1237 [Ο.
1179 1154 1204 1222 Ι.
1227 1154 1263 1220 L.
1285 1157 1301 1220 I
1322 1177 1355 1223 n.
1374 1157 1452 1240 576;

306 1260 341 1326 Ρ.
363 1259 398 1326 L.
422 1259 465 1324 M.
487 1259 526 1325 Ε.
548 1260 615 1325 tab.
634 1259 725 1326 LVII
739 1261 802 1342 D],
824 1261 881 1346 qui
903 1282 987 1327 nunc
1008 1263 1086 1328 talis
1109 1267 1172 1328 est:

321 1399 710 1570 Q·
727 1401 895 1468 GALBA·
911 1402 989 1469 OOS
1022 1401 1318 1470 PAVIMENTVM

722 1507 1051 1588 ”nlsonnovn
1072 1547 1078 1559 ·
1100 1511 1227 1578 PROB
1268 1452 1363 1544 j

307 1663 335 1728 E
359 1661 476 1747 quibus
500 1659 657 1744 exemplis
685 1656 944 1742 praetermittere
970 1655 1121 1721 nolumus
1149 1655 1182 1721 id
1210 1678 1336 1742 quoque
1364 1657 1451 1742 disci,

306 1791 372 1834 non
395 1767 430 1832 in
449 1767 628 1851 composito
648 1765 775 1830 demum
799 1763 896 1828 idem
920 1753 1110 1847 pronomine
1133 1763 1323 1848 productam
1347 1787 1416 1830 esse
1438 1767 1452 1829 i

306 1875 452 1941 vocalem
476 1873 733 1958 compensandae
754 1893 770 1936 s
793 1892 919 1954 caussa,
947 1871 1001 1935 sed
1030 1870 1142 1936 eadem
1171 1894 1322 1937 mensura
1345 1872 1450 1956 ipsum

308 2005 327 2046 a
350 1980 507 2066 principio
532 1979 714 2062 simplicem
742 1977 774 2042 is
798 1977 1035 2042 nominativum
1058 1977 1172 2062 fuisse,
1205 2001 1302 2062 quam
1325 2001 1451 2063 semper
1489 2033 1494 2048 ,

308 2087 414 2172 prima
437 2086 563 2170 syllaba
586 2085 728 2149 servavit
755 2083 898 2169 genetivi
929 2084 1023 2169 eius,
1056 2083 1111 2148 diu
1141 2083 1240 2148 etiam
1269 2084 1451 2152 dativorum

309 2195 344 2258 ei
367 2193 460 2258 ΕΙΕΙ
484 2197 580 2277 atque
602 2189 726 2257 ElElS.
758 2189 850 2266 Quod
869 2190 998 2276 quidem
1016 2191 1063 2255 ita
1082 2213 1151 2254 esse
1169 2213 1303 2274 prorsus
1322 2191 1451 2256 evidens

307 2301 386 2366 fite
414 2301 485 2386 lege
513 2297 761 2383 repetundarum
789 2319 886 2382 quam
915 2295 1085 2362 Serviliam
1119 2297 1324 2381 appellitant,
1354 2303 1391 2362 ut
1418 2299 1451 2364 in

309 2429 373 2494 qua
395 2407 465 2492 ipse
488 2407 522 2472 is
545 2404 762 2470 nominativus
787 2404 887 2468 semel
910 2401 979 2468 nls
1007 2404 1146 2488 scriptus
1169 2406 1225 2470 sit:
1254 2403 1323 2470 Slll
1338 2439 1345 2454 ·
1359 2404 1450 2471 EIS·

308 2514 453 2580 VOLET
470 2550 475 2563 ·
492 2513 626 2579 slssnl·
642 2509 871 2576 PATRONOS
886 2547 892 2559 ·
907 2509 955 2576 IN
970 2546 977 2560 ·
991 2510 1088 2576 EAM
1102 2545 1109 2560 ·
1124 2511 1239 2576 REM·
1255 2511 1401 2578 DAREl.

396 2621 467 2687 Hoc
490 2621 591 2708 igitur
613 2624 681 2684 tam
705 2619 808 2684 solido
831 2617 1042 2683 fundamento
1067 2619 1146 2683 satis
1169 2621 1240 2684 tuto
1259 2619 1322 2686 niti
1342 2619 1452 2685 licebit

308 2733 357 2812 ut,
380 2729 484 2794 sicubi
508 2727 549 2794 ed
573 2727 717 2792 eisdem
741 2725 791 2790 vel
815 2725 936 2789 isdem
959 2725 1099 2790 formam
1125 2729 1271 2810 spectare
1294 2727 1328 2790 in
1352 2727 1449 2811 scrip·

307 2841 415 2900 torum
439 2834 532 2899 libris
556 2833 703 2899 codicum
722 2831 861 2916 vestigia
880 2831 1059 2916 videantur,
1082 2832 1277 2898 confidenter
1296 2834 1325 2898 ei
1343 2837 1450 2918 patro-

308 2919 459 3007 cinemur.
491 2939 572 3004 Eius
589 2942 701 3002 tamen
720 2936 848 3021 generis
871 2958 935 3003 nou
959 2936 1108 3001 novimus
1131 2937 1195 3002 nisi
1214 2937 1277 3002 duo
1296 2939 1451 3024 exempla,

309 3048 445 3114 alterum
469 3046 580 3127 Ennii,
603 3044 644 3108 ad
667 3065 763 3129 quem
787 3043 874 3108 infre
896 3047 1075 3108 revertetur
1097 3045 1217 3128 oratio,
1244 3043 1352 3110 Plauti
1375 3047 1449 3111 alte·

262 3175 295 3214 vr
310 3177 394 3218 rum:
418 3154 543 3238 reliqua
565 3173 648 3237 quae
671 3173 737 3216 non
760 3172 860 3235 parvo
883 3173 1016 3216 numero
1041 3151 1117 3216 olim
1137 3152 1300 3218 exstitisse
1319 3175 1450 3220 consen-

246 3259 249 3274 '
308 3267 440 3327 tansum
465 3263 527 3344 est,
558 3262 646 3325 aetas
670 3258 873 3323 oblitteravit
899 3259 1015 3324 omnia
1060 3260 1122 3325 Est
1150 3263 1258 3324 autem
1280 3258 1450 3326 Plautinus

308 3391 417 3434 versus
433 3367 680 3454 Amphitruonis
698 3365 758 3450 111,
772 3367 801 3450 2,
816 3365 868 3449 64,
891 3387 986 3449 quem
1005 3386 1108 3449 nuper
1127 3365 1257 3450 [Opusc.
1275 3366 1308 3431 Π
1326 3390 1357 3452 p.
1371 3368 1449 3450 432]

308 3476 597 3542 demonstravimus
627 3475 732 3540 deleto
755 3472 834 3538 mei
857 3472 1048 3558 pronomine
1071 3472 1118 3537 sic
1141 3473 1344 3539 scribendum
1368 3497 1450 3540 esse:

431 3600 552 3665 Verum
578 3599 689 3665 eadem
712 3599 741 3664 si
763 3597 865 3663 isdem
888 3597 1036 3683 purigas,
1058 3597 1215 3682 patiunda
1238 3604 1322 3664 sunt.

308 3725 373 3791 Vbi
395 3725 490 3791 isdem
508 3722 611 3789 Vetus
631 3723 773 3788 servavit
787 3745 859 3788 cum
873 3721 1034 3788 Vaticano
1048 3721 1234 3802 Vrsiniano,
1257 3724 1355 3788 ceteri
1376 3725 1450 3790 libri

307 3833 427 3918 partim
447 3831 555 3897 iisdem
573 3829 691 3913 partim
710 3829 821 3894 mecm
835 3829 1000 3895 exhibent:
1024 3853 1088 3916 quo
1107 3851 1174 3896 non
1191 3829 1357 3898 intellecto
1371 3833 1451 3898 idem

308 3939 431 4006 invexit
452 3936 664 4004 Camerarius.
1217 3965 1223 3978 ·

398 4045 604 4128 Perspectum
628 4045 679 4108 est
700 4043 800 4130 igitur
822 4065 888 4109 non
906 4065 984 4110 sane
1003 4044 1042 4110 de
1062 4067 1120 4110 suo
1138 4048 1331 4111 novaturum
1352 4045 1449 4110 livisse

308 4151 480 4219 Gaesarem
512 4149 598 4234 quod
629 4149 719 4215 nullo
751 4153 897 4235 tempore
924 4151 1082 4217 usitatum
1111 4151 1242 4237 fuisset,
1277 4152 1305 4218 si
1337 4152 1451 4218 isdem

306 4259 395 4326 bomo
428 4256 597 4323 dicendum
629 4257 840 4342 praeciperet.
897 4257 960 4324 Sed
992 4258 1044 4323 vel
1077 4258 1122 4324 sic
1149 4261 1272 4339 tamen,
1308 4259 1341 4325 id
1371 4281 1449 4324 num

308 4387 421 4450 reapse
448 4364 573 4450 fecerit,
603 4364 771 4430 dubitandi
798 4386 946 4430 caussam
976 4365 1202 4451 gravissimam
1231 4367 1299 4432 eius
1327 4366 1449 4431 formae

308 4472 508 4558 comparatio
526 4475 680 4557 praestat,
694 4493 791 4556 quarn
804 4471 912 4557 planis
927 4473 1033 4538 verbis
1048 4472 1179 4539 Caesari
1198 4474 1297 4540 codex
1311 4459 1450 4539 Charisii
