3216 5082
410 411 414 418 ·
504 447 508 450 .
590 401 873 450 svrrauunrrvu
896 401 917 448 ι.
1261 383 1325 449 497

182 539 346 608 Cannensi
369 542 445 608 anni
463 541 528 608 538
553 543 693 610 occisum
715 546 838 627 narrat,
861 543 985 628 aliquot
1008 541 1104 606 annis
1128 545 1202 606 ante
1226 541 1326 605 fuisse

181 649 346 715 consulem
364 650 489 734 prodat,
508 655 560 716 sat
578 654 666 716 certo
684 649 886 716 intellectum
905 653 956 714 est
973 649 1138 714 consulem
1157 648 1233 714 anni
1252 646 1328 730 533,

181 777 275 840 quern
299 757 398 822 ceteri
425 761 528 822 testes
551 755 595 824 M.
617 755 795 822 Minucium
819 755 939 820 Rufum
968 759 1149 821 memorant
1172 753 1326 839 simplici·

179 865 238 946 ter,
261 862 296 926 in
319 863 423 928 fastos
447 863 494 928 sio
518 884 588 927 esse
611 861 814 928 referendum
837 866 874 926 ut
896 861 930 926 P.
950 860 1092 927 Cornelii
1116 859 1174 928 Cn.
1192 861 1214 926 f.
1237 860 1273 926 L.
1296 883 1327 924 ιι.

180 967 342 1054 Scipionis
357 969 488 1034 Asinae·
503 969 640 1054 conlega
662 967 712 1032 M·
723 965 1095 1033 Mlnvclvsmro
1108 1003 1114 1015 ·
1125 967 1174 1032 N·
1185 965 1327 1032 RVFVS

180 1075 413 1159 perscribatur:
441 1075 475 1140 id
503 1074 589 1160 quod
613 1097 633 1140 a
655 1075 786 1141 Baitero
809 1076 933 1140 factum
957 1079 1007 1142 est
1029 1074 1223 1153 rectissime,
1254 1095 1327 1137 cunr

181 1182 265 1248 mira
291 1182 426 1248 libidine
449 1181 656 1267 Laurentius,
688 1205 803 1268 parum
830 1183 969 1269 diligens
992 1183 1104 1261 homo,
1131 1179 1327 1257 P·F·Q·N

181 1287 354 1373 posuisset

270 1393 477 1480 Consequens
501 1399 552 1462 est
573 1395 674 1480 igitur
696 1399 734 1461 ut
756 1396 839 1461 alius
863 1398 1038 1490 quaeratur
1057 1394 1250 1461 dictaturam
1274 1417 1327 1482 ge·

180 1525 254 1569 rens
273 1503 316 1570 M.
334 1503 505 1570 Minucius.
538 1502 642 1580 Quem
666 1503 727 1568 etsi
750 1507 1003 1569 consentaneum
1026 1503 1133 1568 estin
1151 1503 1327 1568 consulari-

181 1611 241 1676 bus
265 1610 471 1698 potissimum
500 1610 626 1694 quaeri,
652 1613 764 1676 tamen
792 1610 940 1676 consules
967 1609 1141 1694 Minucios,
1170 1611 1197 1672 si
1220 1632 1240 1674 a
1262 1631 1327 1673 ma-

181 1717 285 1800 gistro
305 1717 449 1802 equitum
468 1715 526 1780 illo
545 1716 741 1799 discesseris,
764 1716 929 1782 saeculum
949 1719 1076 1780 sextum
1093 1717 1201 1778 totum
1219 1715 1327 1779 nullos

181 1823 313 1888 omnino
342 1823 423 1888 vidit
449 1826 578 1906 praeter
606 1821 763 1897 Quintum
791 1819 826 1888 Ο.
849 1823 871 1887 f.
895 1821 929 1888 Ο.
952 1845 983 1886 ιι.
1011 1821 1131 1886 Rufum
1161 1821 1238 1886 anni
1261 1820 1325 1885 557

182 1931 215 1992 et
243 1926 397 2002 Quintum
425 1925 461 2002 Q.
484 1926 506 1992 f.
528 1925 564 1991 L.
586 1949 616 1992 n.
641 1926 817 1992 Thermum
845 1927 922 1992 anni
945 1926 1024 1992 561:
1061 1925 1220 2010 (Marcum
1250 1947 1327 1992 sane

182 2033 302 2098 Rufum
325 2033 508 2117 proximum
533 2033 696 2098 saeculum
715 2033 831 2100 babuit
850 2057 934 2100 anno
954 2035 1028 2118 644,
1052 2032 1107 2098 sed
1126 2056 1198 2100 eum
1214 2033 1327 2110 Quinti

181 2139 293 2218 filium,
315 2161 381 2206 non
404 2137 505 2228 Gaiir)
537 2139 598 2206 hos
622 2145 731 2206 autem
755 2163 867 2208 omncs
891 2163 1003 2208 eorum
1033 2144 1231 2227 temporum,
1259 2141 1327 2226 qui·

181 2246 242 2312 bus
265 2267 306 2312 ne
329 2247 470 2313 durabat
492 2247 622 2332 quidem
645 2249 825 2314 dictaturae
849 2271 935 2314 usus.
966 2247 1057 2333 Ergo
1075 2247 1219 2314 dubitari
1237 2270 1327 2332 pror-

181 2375 235 2420 sus
258 2375 326 2420 non
348 2357 457 2438 potest
480 2354 560 2438 quin
581 2376 657 2420 non
682 2341 929 2420 consularem
952 2354 1037 2438 lapis
1060 2353 1227 2418 Romanus
1252 2355 1327 2418 offe-

180 2463 242 2544 rat,
265 2459 474 2544 quantumvis
498 2460 531 2524 id
554 2483 628 2526 raro
651 2483 711 2546 pro
734 2462 793 2526 illa
816 2465 925 2528 aetate
944 2460 1099 2544 exemplo.
1131 2459 1200 2526 Nec
1218 2465 1327 2524 tamen
1341 2485 1377 2527 vr

181 2566 252 2650 quie
275 2565 332 2631 ille
355 2565 455 2630 fuerit
477 2571 510 2630 et
532 2567 671 2652 quaudo,
695 2567 741 2632 eis
765 2589 836 2633 esse
859 2567 1002 2632 tenebris
1022 2565 1174 2631 obrutum
1192 2566 1328 2652 ridetur,

182 2693 262 2755 quas
284 2693 350 2738 non
373 2673 470 2738 liceat
492 2674 613 2758 partim
636 2674 811 2740 memoriae
833 2673 953 2740 indicio
975 2673 1096 2759 partim
1125 2675 1327 2740 coniecturae

182 2799 243 2862 ope
273 2779 320 2844 ita
347 2780 516 2864 dispellere
542 2785 580 2846 ut
607 2781 648 2847 ad
675 2783 918 2865 persuasionem
952 2781 1005 2846 vix
1032 2781 1202 2865 quicquam
1236 2780 1328 2846 desit

181 2883 231 2951 De
259 2884 371 2952 eodem
399 2887 498 2972 enm,
530 2887 621 2952 cuius
649 2909 748 2971 supra
774 2887 896 2952 mentio
923 2887 1023 2971 faeta,
1057 2887 1094 2964 Q.
1117 2885 1219 2954 Fabio
1247 2887 1328 2953 haec

182 3013 264 3078 quae
288 2993 482 3059 subiecimus
506 2991 657 3059 Valerius
680 2993 843 3060 Maximus
867 2991 892 3078 I,
914 2995 941 3077 1,
960 2993 981 3058 5
1003 2993 1146 3078 prodidit
1168 2995 1203 3060 in
1222 3017 1327 3060 exem·

180 3099 243 3184 plis
273 3099 415 3166 violatae
447 3100 631 3186 religionis:
668 3099 716 3166 ‘at
743 3098 887 3185 Sulpicio
920 3102 1006 3166 inter
1036 3100 1281 3189 sacrificandqm
1310 3124 1327 3166 e

181 3205 288 3290 capite
311 3228 394 3291 apex
416 3207 588 3292 prolapsus
612 3206 716 3272 eidem
740 3205 958 3274 sacerdotium
982 3207 1132 3291 abstulit,
1161 3213 1325 3273 occentus-

181 3333 243 3396 que
271 3313 385 3378 eoricis
416 3314 546 3379 auditus
569 3313 671 3381 Fabio
695 3313 838 3380 Maximo
868 3313 1076 3398 dictaturam,
1108 3311 1142 3378 Ο.
1165 3312 1327 3380 Flaminio

182 3417 406 3501 magisterium
429 3419 573 3502 equitum
596 3419 776 3504 deponendi
795 3441 943 3484 caussam
961 3417 1134 3502 praebuit?
1172 3419 1253 3483 Rem
1272 3441 1326 3484 au-

182 3528 249 3588 tem
277 3525 412 3590 eandem
439 3545 623 3590 memorans
650 3524 845 3590 Plutarchus
872 3525 907 3588 in
935 3525 1004 3589 vita
1025 3523 1171 3590 Marcelli
1200 3525 1265 3590 ab
1293 3525 1327 3591 in

183 3653 221 3696 eo
249 3653 314 3698 uno
342 3632 478 3698 discedit
505 3655 525 3698 a
548 3631 694 3717 Valerio,
727 3631 812 3718 quod
844 3653 911 3698 non
942 3629 1059 3716 Fabio,
1095 3631 1151 3697 sed
1183 3631 1327 3698 Minucio

183 3737 335 3804 dictatori
358 3739 392 3805 id
414 3739 569 3806 accidisse
592 3741 721 3806 scribit:
751 3738 935 3806 Mercator
963 3738 1003 3804 δὲ
1027 3739 1252 3820 δικτάτορος
1274 3739 1288 3805 ἵ
1313 3775 1325 3786 -

183 3865 310 3926 παρχον
333 3843 563 3912 ἀποδείξαντος
588 3847 681 3912 Γάιον
704 3845 893 3926 Φλαμίνιον,
917 3845 988 3910 ἐπεὶ
1010 3847 1135 3926 τριεμὸε
1159 3845 1327 3924 ἠκολούθει

183 3953 261 4032 uode
285 3953 324 4018 ὃν
347 3951 456 4032 eterra
479 3947 592 4039 (immo
616 3951 747 4038 εώρικα)
770 3956 928 4031 καλοῦειν,
948 3951 1230 4032 ἀποψηφιεάμενοι
1253 3953 1326 4017 τού-

182 4079 258 4124 του(
286 4057 375 4126 αὖθις
403 4058 533 4138 ἑτέρου(
560 4061 760 4139 κατέετηεαν.
810 4058 859 4124 De
885 4057 947 4122 hac
979 4058 1081 4142 igitur
1107 4059 1328 4143 discrepantia

181 4166 228 4231 sio
256 4165 421 4232 statuebat
443 4163 595 4250 Sigonius
624 4187 737 4232 comm.
769 4163 934 4230 infestos
963 4167 996 4228 et
1022 4163 1206 4249 triumphos
1232 4165 1328 4232 Rom.

183 4271 218 4357 (f.
231 4273 273 4337 59
288 4295 316 4338 v.
331 4271 379 4338 e'd.
389 4271 462 4338 Ald.
478 4294 505 4338 a.
519 4272 618 4358 1556)
637 4275 674 4338 ut
692 4272 788 4336 iidem
797 4269 930 4336 Valerio
945 4269 1183 4354 adiungendam
1199 4270 1327 4358 diceret,

183 4376 246 4442 hoc
268 4401 345 4444 usus
369 4383 560 4466 argumento
583 4379 669 4464 quod
692 4379 742 4443 bis
766 4377 957 4442 dictatorem
980 4376 1079 4441 fuisse
1093 4376 1231 4444 Fabium
1255 4401 1327 4446 cum

184 4481 294 4550 Livius
326 4508 396 4571 cap.
419 4487 491 4571 9,'l
524 4491 595 4552 tum
628 4485 771 4572 elogium
802 4483 896 4552 Fabii
929 4481 963 4547 in
995 4482 1102 4568 lapide
1134 4485 1326 4572 inscriptum

237 4605 278 4644 ra
293 4607 442 4644 arracnaarr
461 4609 596 4647 orvrcvaa
614 4611 651 4646 rr.
1079 4593 1113 4643 ³2
