3166 5084
459 375 558 424 auara
582 377 737 424 avnamn
761 377 846 426 raas
871 377 1073 428 svraasrns.
1298 366 1339 430 37

184 521 413 604 praescribens
450 519 560 584 hasce:
606 519 683 586 XIX
717 519 801 587 ‘Vou
831 522 885 588 der
916 521 1004 588 Noui
1039 523 1138 606 mous
1169 525 1340 592 nunemtio’

184 625 244 690 XX
268 625 366 692 ‘Vom
399 626 562 693 Damnum
593 625 750 709 insertum'
809 627 887 694 XXI
911 627 992 694 ‘Von
1022 629 1203 713 peltcteuem
1235 631 1340 699 Gctle'

184 733 281 798 XXII
311 733 399 799 ‘Von
430 734 565 800 anderen
595 732 829 817 Forderuupcn'
893 733 1005 800 XXIII
1033 733 1117 802 ‘Van
1144 738 1340 822 Erbscltafts-

186 838 402 924 Tlaednnqen’.
449 837 616 906 Tredeoim
650 863 810 906 annorum
838 842 945 924 spatio
977 841 1147 911 interiecto
1176 847 1279 913 altera
1306 849 1340 914 in

185 947 364 1012 Germania
387 947 487 1012 editio
511 952 621 1014 secuta
645 952 695 1013 est
713 947 866 1013 Hnnmor
884 947 1050 1016 Euvannr
1070 950 1340 1039 D1ansnn11,qui

184 1055 327 1120 Marinio
357 1054 466 1139 potius
493 1077 591 1139 qnam
615 1051 726 1119 Carlio
753 1055 833 1118 duce
863 1054 1018 1119 utendum
1047 1079 1117 1122 esse
1146 1060 1339 1146 intellegens

184 1163 273 1228 illius
293 1162 479 1246 exemplum
497 1161 630 1226 iteravit
646 1161 680 1226 in
695 1159 998 1228 ‘Observationibus
1017 1164 1058 1229 ad
1077 1167 1198 1232 selecta
1213 1165 1338 1234 Galliae

184 1269 363 1354 cisalpinae
387 1266 507 1351 capita'
530 1267 674 1334 Berolini
697 1268 833 1354 proditis
865 1273 897 1334 et
921 1292 1121 1338 summorum
1143 1273 1179 1338 in
1202 1277 1337 1360 utroque

184 1378 255 1442 inre
291 1375 451 1440 honorum
486 1375 735 1442 obtinendarum
769 1397 885 1442 caussa
917 1378 1046 1460 publice
1079 1379 1219 1446 defensis
1252 1403 1337 1446 anno

186 1483 287 1550 1812:
317 1481 435 1567 quibus
464 1481 563 1548 etiam
592 1483 630 1548 de
658 1484 746 1550 latae
774 1484 857 1570 legis
886 1488 992 1552 aetate
1021 1489 1141 1556 rectius
1173 1511 1272 1573 quam
1295 1489 1336 1554 ab

183 1589 339 1656 Hvaonu
376 1587 499 1654 factum
536 1593 607 1656 erat
650 1589 775 1656 statuit.
829 1589 997 1657 Postremo
1036 1593 1152 1660 horum
1188 1595 1337 1661 laborum

182 1719 318 1782 prorsus
348 1696 481 1782 ignarus
510 1695 607 1792 bomo
631 1695 734 1762 Italus
758 1697 900 1763 Pnrnvs
924 1717 974 1762 nn
998 1697 1100 1765 Lana
1124 1725 1236 1768 museo
1259 1702 1336 1769 Par-

182 1805 286 1870 mensi
306 1805 499 1890 praeieetus,
519 1803 575 1870 sed
596 1827 720 1871 memor
740 1801 933 1870 Gothofredi
952 1805 1125 1873 verborum
1144 1831 1226 1894 quae
1245 1832 1336 1894 prae-

183 1914 316 1998 scripsit
340 1911 471 1994 ‘fractua
494 1911 634 1976 hbaum
656 1918 700 1978 est
716 1913 839 1996 plaeere
860 1913 1037 1979 „armeus
1055 1919 1160 1998 etpro
1178 1915 1363 1983 induebam

183 2025 275 2103 alqw
296 2021 470 2102 affectatae
481 2019 626 2102 palaream
644 2020 754 2086 ircde'cii
770 2018 964 2102 promereri',
988 2021 1129 2106 gratiam
1152 2045 1216 2088 non
1235 2025 1335 2090 medi·

183 2148 290 2192 ocrem
315 2127 356 2192 ab
381 2125 458 2192 lctis
481 2125 601 2190 nostris
630 2125 704 2190 iniit
728 2125 815 2192 edito
840 2149 870 2190 a.
896 2125 1142 2193 18201nurbe
1166 2151 1225 2194 sua
1249 2131 1334 2199 libro

134 2264 136 2268 ·
183 2233 230 2297 sic
252 2233 424 2318 inscripto:
448 2231 583 2298 ‘Tavola
605 2231 790 2318 legislativa
814 2231 901 2298 della
924 2231 1035 2298 Gallia
1057 2234 1217 2320 cisalpina
1239 2237 1334 2304 ritro-

183 2343 261 2404 vata
288 2339 325 2404 in
348 2339 465 2424 Veleja
491 2338 570 2404 nell’
598 2361 681 2404 anno
711 2337 908 2404 MDOQLX
936 2361 953 2404 e
984 2339 1150 2407 restituite
1182 2343 1248 2408 alla
1274 2367 1334 2412 sua

182 2469 259 2512 vera
281 2444 429 2530 lenione',
452 2469 517 2512 una
540 2469 614 2512 cum
633 2446 802 2532 prooemio
822 2467 880 2510 suo
900 2446 1245 2534 observationibusque
1264 2453 1333 2538 qui-

182 2553 322 2619 busdam
364 2557 397 2618 et
439 2553 704 2620 adnotationibus
745 2553 954 2638 popularium
991 2576 1123 2620 suorum
1155 2554 1333 2626 Lvoowcl

182 2659 330 2728 Bouana
361 2663 394 2726 et
420 2661 567 2728 loturus
592 2659 791 2727 Barrrsuaa
822 2657 1019 2744 Oonaaom,
1047 2681 1128 2745 quas
1156 2683 1223 2728 non
1252 2663 1332 2731 doli-

181 2770 247 2834 turi
271 2792 400 2835 eramus
424 2789 623 2854 suppressas.
668 2766 780 2832 Fidem
809 2767 837 2832 is
862 2765 947 2850 apud
975 2765 1134 2851 plurimos
1157 2769 1331 2839 maximam

181 2877 318 2941 invenit:
344 2897 541 2961 quamquam
563 2897 622 2940 nec
642 2873 814 2946 Eannsro
835 2873 1135 2942 Srnnonvnnnoro
1158 2897 1217 2942 neo
1236 2877 1275 2945 A.
1294 2879 1331 2950 Ε,

181 2983 332 3050 annsso
355 3006 415 3049 neo
442 3005 546 3067 nuper
573 2979 716 3047 Canobo
740 2979 874 3048 ΖΜΟ
899 2981 1071 3068 quicquam
1094 2982 1230 3068 profuit,
1254 3009 1331 3070 quo·

181 3114 252 3156 rum
274 3091 335 3157 ille
358 3093 391 3157 in
410 3089 576 3156 Hauboldi
594 3085 816 3154 Monumentis
834 3088 994 3174 legalibus
1017 3111 1048 3173 p.
1074 3089 1138 3154 144
1155 3113 1225 3176 sqq.
1250 3094 1331 3159 eatis

180 3199 297 3264 habuit
320 3197 487 3264 Dirlrsenii
515 3196 696 3281 exemplum
727 3215 922 3282 propagare,
949 3195 984 3262 hi
1013 3193 1271 3284 spangenbergii
1302 3201 1331 3266 si

180 3327 245 3390 qna
272 3308 325 3370 est
356 3303 544 3369 auctoritati
579 3325 650 3368 sese
683 3303 926 3387 manciparunt,
959 3301 1107 3389 Eggerus
1136 3305 1265 3390 quidem
1296 3307 1331 3372 in

179 3409 290 3478 Latini
329 3411 488 3478 sermonis
523 3409 710 3477 vetustioris
748 3409 894 3495 reliquiis
928 3433 958 3494 p.
991 3411 1057 3476 308
1091 3433 1172 3496 sqq,
1209 3411 1329 3479 Zellius

178 3517 362 3584 Euchiridii
385 3517 611 3604 epigrapbieea
634 3518 815 3602 Romanae,
843 3518 959 3582 afidei
988 3517 1082 3582 laude
1105 3539 1221 3602 parum
1245 3541 1329 3585 com·

178 3625 389 3710 mendabilis,
415 3629 506 3690 tomo
534 3624 550 3689 Ι
573 3648 603 3708 p.
632 3625 695 3689 277
725 3647 794 3710 sqq.
840 3621 903 3689 Sed
929 3626 1039 3688 tamen
1067 3645 1107 3689 ne
1131 3623 1170 3688 de
1194 3622 1329 3691 Lameni

178 3733 310 3816 quidem
335 3732 474 3816 exempli
497 3731 560 3796 tide
579 3731 749 3818 dubitandi
768 3752 884 3795 caussa
902 3729 1007 3795 omnis
1027 3727 1138 3815 defuit,
1162 3752 1235 3796 cum
1254 3733 1328 3798 aliis

177 3839 384 3924 inpartibus
408 3839 582 3924 inquibus
611 3837 661 3902 illi
684 3837 867 3903 Mariniana
891 3837 1067 3903 auctoritas
1096 3839 1328 3926 adversaretur,

176 3951 249 4012 tum
272 3969 311 4013 eo
334 3947 369 4012 in
392 3967 509 4033 genere
533 3950 647 4031 suapte
675 3951 794 4011 natura
817 3945 909 4010 valde
937 3945 1061 4010 lubrico
1090 3944 1175 4029 quod
1199 3946 1240 4010 ad
1264 3946 1327 4012 sin·

119 4119 124 4126 ,
175 4053 330 4140 warum
348 4053 530 4119 litterarum
554 4053 795 4138 syllabarumve
814 4054 935 4138 figuras
955 4052 1022 4117 sive
1041 4052 1185 4137 integras
1204 4055 1237 4117 et
1254 4075 1326 4137 per·

175 4162 307 4246 spicuas
331 4159 399 4224 sive
423 4160 555 4226 mutilas
576 4161 627 4225 vel
647 4159 801 4225 evanidas
820 4162 953 4242 spectat.
985 4157 1024 4223 In
1043 4180 1106 4244 quo
1125 4161 1325 4244 generalem

175 4265 324 4334 Oarliani
355 4267 492 4352 exempli
520 4271 617 4354 atque
645 4267 820 4332 Mariniani
850 4269 945 4331 tanta
972 4265 1190 4352 discrepantia
1219 4267 1325 4334 fuerat

173 4381 221 4461 ut,
245 4397 320 4441 eum
344 4374 376 4438 in
400 4373 463 4438 boe
481 4374 704 4460 paucissimae,
727 4373 906 4460 permultae
930 4375 1039 4439 autem
1062 4374 1097 4439 in
1119 4373 1177 4440 illo
1196 4374 1324 4441 litterae

173 4484 311 4548 notatae
342 4484 451 4546 essent
478 4484 515 4546 ut
541 4481 699 4566 incertae,
722 4483 855 4565 propter
877 4481 910 4546 id
933 4480 1041 4566 ipsum
1065 4503 1103 4547 ex
1126 4481 1187 4548 hoc
1211 4484 1324 4565 utpote
