3282 5076
562 377 817 424 connunrnrro
841 377 954 424 aaron.
1270 361 1331 426 185

181 543 289 605 usque
313 520 353 585 ad
377 542 495 585 annum
519 537 697 586 clolocvln
720 518 798 606 (quo
817 521 887 604 ipse
907 520 974 584 vita
992 520 1143 606 decessit)
1166 521 1200 584 in
1220 521 1331 586 eadem

181 651 222 693 re
245 629 467 710 elaborarunt,
492 628 705 692 valde-dubia
728 628 772 692 sit
793 627 948 711 opinatio.
994 627 1062 692 Nec
1085 631 1191 692 tamen
1213 627 1247 692 in
1269 627 1332 692 hoe

181 735 323 820 Pighius
348 735 510 818 substitit,
540 757 649 799 verum
672 736 707 798 in
729 733 842 800 tabula
864 735 930 800 aeri
953 735 1055 800 incisa
1079 733 1196 799 adiecit
1218 733 1332 818 ‘ipsius

181 843 325 927 figuram
348 841 517 906 columnae
545 863 583 904 ex
607 842 838 926 antiquitatum
868 841 1012 926 reliquiis
1036 843 1200 926 eleganter
1223 840 1331 908 admo-

183 949 266 1014 dum
294 949 416 1013 Rornae
444 950 654 1031 delineatam,
687 953 721 1013 et
750 950 927 1014 Ananim
962 949 1143 1014 Lanannr
1175 971 1234 1013 nec
1266 971 1332 1013 non

183 1055 472 1122 Tnannzlnoavn
500 1056 638 1120 fratrum
665 1055 796 1120 formeis
827 1054 957 1120 aheneis
987 1054 1213 1139 publicatam’:
1250 1079 1333 1140 quae

183 1165 294 1249 figura
326 1165 488 1248 integrum
520 1163 650 1228 titulum
683 1163 717 1226 in
746 1162 914 1226 columnae
942 1161 1013 1226 basi
1041 1161 1257 1246 perscriptum
1285 1185 1332 1227 re·

183 1274 387 1354 praesentat,
410 1293 476 1334 non
495 1269 563 1334 sine
582 1269 695 1353 paucis
715 1269 905 1354 quibusdam
925 1268 1165 1334 aFlorentiano
1186 1271 1332 1354 exemplo

184 1377 416 1462 discrepantiis
441 1378 646 1462 quantumvis
677 1376 724 1443 eis
747 1375 880 1440 levibus.
927 1374 989 1439 Sed
1013 1397 1076 1460 quo
1100 1398 1184 1441 anno
1208 1376 1333 1441 Lafreri

184 1484 270 1549 illud
308 1485 480 1549 artificium
518 1484 640 1550 Romae
678 1482 848 1568 prodierit,
885 1483 1127 1567 incompertum.
1183 1482 1333 1548 Ceterum

184 1591 385 1677 Pighianum
420 1592 600 1676 exemplum
633 1591 668 1654 in
698 1613 757 1655 sua
786 1589 876 1654 Flori
905 1589 1043 1655 editione
1072 1613 1099 1654 a.
1124 1607 1332 1658 morocnxxx

184 1697 380 1784 Georgius
404 1697 594 1763 Graevius
617 1698 757 1763 iteravit

279 1803 352 1870 Suis
377 1805 478 1869 oculis
503 1827 612 1870 recens
640 1809 803 1890 repertum
832 1805 972 1889 lapidem
1002 1805 1140 1869 lustrare
1164 1805 1333 1870 etiamtum

184 1912 296 2000 potnit
314 1913 551 1979 Onvnnmvs
575 1914 819 1996 Pnnvrurvs,
842 1912 897 1996 qui
916 1935 1000 1977 anno
1024 1905 1225 1978 oioronxvru
1249 1910 1334 1974 diem

185 2043 374 2104 supremum
394 2021 485 2086 obiit.
518 2020 719 2106 Quamquam
739 2020 772 2084 in
795 2020 879 2085 hanc
899 2023 1025 2105 partem
1044 2019 1125 2082 nihil
1149 2019 1238 2084 illino
1261 2041 1333 2084 con·

185 2128 388 2210 cludendum,
412 2127 497 2212 quod
517 2129 644 2213 similis,
663 2129 718 2194 sed
741 2127 989 2212 haudquaquam
1013 2145 1156 2212 congrua
1174 2126 1333 2190 Lalreria·

185 2256 251 2300 nae
274 2234 441 2300 columnae
465 2235 574 2320 imago
598 2257 671 2300 aere
695 2257 861 2318 expressa,
891 2257 963 2298 cum
991 2234 1200 2318 inscriptione
1224 2237 1333 2298 tamen

185 2365 255 2407 non
277 2342 311 2406 in
334 2342 419 2424 basi,
446 2364 557 2406 verum
581 2343 613 2406 in
638 2342 795 2427 singulari
817 2342 949 2406 tessella
969 2342 1139 2406 conlocata
1161 2340 1335 2425 eademque
1438 2331 1439 2337 ἵ

186 2449 422 2533 supplementis
446 2453 554 2533 ancta,
581 2470 693 2532 reapse
717 2447 844 2512 adiecta
867 2451 917 2511 est
935 2446 1084 2512 Panvinii
1107 2447 1145 2510 de
1168 2447 1362 2530 triumphos

186 2555 275 2618 libro
298 2555 333 2649 in
355 2554 512 2620 Graevii
535 2555 702 2620 Thesauro
726 2555 825 2640 antiq.
846 2555 938 2620 Rom.
961 2559 984 2619 t.
1003 2554 1048 2619 lX
1073 2579 1102 2638 p.
1125 2556 1216 2620 1384.
1250 2553 1335 2618 Nam

186 2661 303 2726 necin
327 2662 398 2746 ipso
422 2661 572 2726 Panvinii
596 2662 828 2727 commentario
857 2661 923 2726 ulla
950 2661 1073 2726 mentio
1096 2662 1134 2724 fit
1157 2661 1243 2725 illius
1266 2683 1335 2726 mo·

187 2769 350 2852 nomenti,
372 2789 430 2833 nec
455 2769 563 2852 potuit
585 2768 668 2853 fieri,
696 2771 733 2833 ut
756 2769 811 2854 qui
834 2769 897 2834 iam
923 2789 1007 2834 anno
1032 2785 1212 2852 melonvll,
1236 2789 1334 2853 quan·

187 2879 258 2940 tum
288 2897 325 2939 ex
353 2875 467 2940 Eberti
496 2875 599 2940 lexico
628 2877 798 2962 intellego,
830 2876 977 2942 Venetiis
1006 2879 1091 2940 esset
1119 2875 1207 2940 foras
1230 2875 1334 2940 datus.

187 2983 283 3048 Vnde
307 3005 380 3048 cum
403 2983 437 3046 in
460 2987 613 3067 promptu
638 2983 681 3047 sit
704 2985 848 3048 conicere
877 2985 910 3048 in
935 2984 1150 3068 posteriorum
1179 3005 1243 3046 nna
1271 2981 1334 3045 edi·

187 3092 331 3174 tionum,
364 3112 446 3176 quae
473 3094 548 3174 post
575 3094 713 3157 mortem
742 3089 890 3156 Panvinii
918 3095 1050 3174 paratae
1079 3094 1166 3174 sunt,
1198 3091 1334 3174 figuram

187 3199 279 3262 illam
304 3219 437 3262 aeneam
461 3198 633 3262 accessisse
654 3198 795 3282 demum,
818 3204 889 3263 tum
907 3198 1016 3263 nescio
1040 3221 1081 3262 an
1105 3198 1137 3262 id
1160 3198 1226 3262 iam
1250 3217 1335 3260 anno

109 3359 111 3364 ,
189 3322 372 3372 elalonxxl
401 3303 523 3369 factum
556 3303 601 3369 sit
626 3304 660 3368 in
684 3304 812 3370 Veneta
841 3305 900 3368 illa
931 3327 1027 3388 quam
1061 3303 1217 3388 prodiisse
1251 3303 1335 3368 ‘cum

189 3413 303 3496 liguris
332 3410 451 3476 aeneis’
480 3411 630 3477 Maderns
658 3411 692 3476 in
721 3413 787 3476 suis
811 3411 850 3476 ad
874 3411 1068 3476 Panvinium
1101 3410 1186 3474 notis
1209 3409 1335 3495 (Helm-

189 3518 288 3582 stadii
322 3541 349 3582 a.
373 3535 582 3585 elolocnxxv
611 3517 752 3604 emissis)
784 3521 935 3583 testatur:
968 3521 1005 3581 ut
1034 3518 1085 3582 vel
1112 3517 1187 3581 hinc
1216 3518 1267 3582 vel
1297 3540 1335 3580 ex

190 3625 302 3709 aliqua
330 3625 508 3708 posteriore
541 3623 631 3710 (nam
664 3626 762 3690 etiam
792 3624 951 3688 Venetam
986 3623 1064 3688 anni
1092 3641 1220 3708 010100,
1258 3625 1335 3688 item

191 3734 267 3797 anni
286 3749 487 3798 clolocxvm
506 3731 694 3816 Romanam,
714 3731 929 3816 ‘Amplissimi
945 3729 1206 3814 ornatissimique
1223 3731 1335 3795 trium-

190 3838 249 3924 phi
273 3861 312 3902 ex
335 3839 552 3904 monumentis
576 3837 761 3923 descriptio'
789 3837 993 3924 inscriptam,
1023 3837 1268 3904 commemorari
1291 3837 1335 3902 vi-

190 3945 266 4031 deo)
291 3946 424 4030 petiisse
447 3945 604 4010 Graevius
627 3947 789 4030 putandus
812 3945 864 4009 sit.
907 3943 1030 4010 Verum
1054 3944 1238 4009 enimvero
1263 3965 1335 4008 cum

190 4053 224 4116 in
248 4075 286 4117 ea
304 4052 419 4116 tabula
437 4051 656 4136 inscriptionis
676 4053 805 4137 quidem
826 4051 927 4135 ipsius
947 4052 1129 4136 exemplum
1148 4055 1216 4116 tam
1234 4073 1335 4135 prope

191 4159 322 4224 accedat
352 4160 392 4223 ad
419 4157 571 4243 Pighiani
599 4157 843 4243 Latronianique
876 4159 1028 4242 speciem,
1065 4161 1102 4221 ut
1129 4181 1145 4221 e
1175 4159 1335 4223 communi

190 4267 281 4331 fonte
305 4267 451 4350 profecta
469 4287 538 4331 esse
558 4266 651 4330 facile
670 4265 849 4349 videantur,
871 4266 1061 4331 lacunarum
1081 4268 1188 4330 autem
1208 4266 1335 4350 supple-

191 4377 301 4438 menta
325 4377 357 4438 et
378 4373 548 4460 Pighianis
572 4375 605 4437 ot
628 4371 743 4436 ceteris
771 4394 853 4456 quae
878 4379 953 4438 sunt
980 4378 1055 4458 post
1077 4373 1163 4438 facta
1186 4373 1335 4438 omnihus

192 4479 408 4546 dissimillima
435 4482 514 4566 sint,
547 4480 694 4566 proximo
727 4483 835 4544 autem
863 4481 991 4548 saeculo
1019 4481 1053 4547 in
1080 4481 1334 4547 reconcinnando

467 4597 476 4624 0
