3246 5082
310 354 374 418 286
432 405 434 410 .
629 371 676 418 nn
702 369 895 418 rrcrrnmvs
919 369 1129 418 nrrrnasrrs

307 511 467 579 trahendo
486 513 600 577 effecta
622 534 669 578 ne
694 513 836 596 syllaba,
858 536 917 597 pro
941 536 1005 598 qua
1028 535 1097 577 nae
1120 512 1242 596 potius,
1265 511 1452 594 naequior

307 620 520 703 naequitia,
544 622 776 702 exspectamus.
824 618 872 684 Ac
894 620 998 684 rarior
1026 625 1075 684 est
1103 640 1181 683 sane
1209 619 1242 684 in
1271 619 1452 702 antiquiore

307 724 421 808 lingua
452 745 467 788 e
499 726 620 790 vocalis
653 726 775 791 vicaria
810 725 1019 810 diphthongi,
1056 748 1168 790 verum
1201 725 1312 790 eadem
1344 719 1453 790 tame'n

309 831 433 914 aliquot
466 832 620 916 exemplis
653 838 752 898 certa.
803 833 882 898 Tale
911 837 961 898 est
988 833 1074 918 quod
1106 837 1309 916 pervetustus
1337 819 1451 896 titulus

309 936 468 1003 Marsicus
488 939 618 1003 exhibet
638 939 672 1004 in
686 939 880 1005 Mommseni
899 941 923 1006 l.
938 939 975 1004 R.
989 940 1030 1005 N.
1045 941 1130 1006 5567
1152 936 1453 1024 QVESTORES*),

308 1046 387 1110 item
414 1045 595 1112 Paestanus
626 1069 779 1112 nummus
806 1046 1014 1112 mrsTANO
1047 1049 1081 1112 in
1110 1045 1231 1112 Carelli
1258 1045 1353 1132 Num.
1381 1045 1452 1110 Ital.

308 1157 409 1218 reta
432 1151 615 1220 (lavedonio
646 1153 742 1219 editis
766 1155 830 1220 tab.
854 1153 987 1236 CXXX,
1010 1155 1031 1218 2
1055 1153 1103 1235 [Ρ.
1122 1153 1156 1219 L.
1175 1153 1217 1218 M.
1237 1153 1274 1217 E.
1303 1152 1369 1218 tab.
1388 1151 1452 1216 Vll

308 1284 338 1326 n.
353 1264 409 1346 613
443 1258 477 1325 Ο.
496 1259 520 1322 Ι.
539 1258 575 1324 L.
597 1260 612 1323 I
635 1283 665 1325 n.
688 1263 752 1342 17].
798 1261 849 1326 Ad
873 1261 958 1346 quod
982 1281 1082 1345 genus
1112 1261 1293 1326 rectissime
1316 1259 1451 1324 Momm·

309 1389 404 1432 senus
428 1367 467 1430 de
490 1366 564 1430 dial.
587 1388 617 1450 p.
633 1367 698 1430 242
717 1368 880 1432 rettulisse
900 1367 1070 1433 OESVLA
1088 1389 1206 1433 nomen
1226 1367 1353 1432 videtur
1367 1366 1451 1452 qnod

309 1479 358 1539 est
381 1475 415 1539 in
438 1495 503 1538 uno
526 1471 766 1538 Pisaurensium
795 1475 966 1539 titulorum
991 1472 1039 1555 [G.
1059 1473 1082 1538 Ι.
1102 1472 1136 1538 L.
1160 1473 1176 1538 I
1199 1496 1229 1538 n.
1252 1475 1327 1559 1683
1359 1473 1393 1537 P.
1416 1472 1450 1537 L.

308 1579 351 1644 M.
371 1581 407 1646 Ε.
426 1579 493 1644 tab.
507 1577 615 1643 XLIV
629 1579 671 1660 J]
677 1630 685 1663 ‚
709 1580 828 1664 quippe
848 1605 867 1646 a
891 1582 1042 1646 caesius
1066 1579 1223 1644 vocabulo
1243 1580 1374 1645 ductum
1393 1601 1451 1645 nec

308 1688 432 1773 origine
460 1709 518 1752 sua
546 1685 708 1752 diversum
738 1685 1016 1753 scansurus.
1063 1686 1132 1752 Nec
1160 1687 1245 1750 enim
1274 1689 1356 1752 satis
1380 1708 1452 1751 con·

307 1795 442 1860 fidenter
465 1794 585 1878 priscis
602 1794 720 1858 dativis
740 1795 806 1858 illis
825 1799 922 1878 atque
942 1795 1021 1859 adeo
1040 1793 1199 1879 genetivis
1218 1795 1293 1857 utor
1312 1791 1451 1858 DIANE

307 1900 513 1966 FORTVNX
542 1897 748 1965 VICTORIE
782 1899 1059 1984 PROVINOIES,
1091 1903 1128 1964 ut
1156 1921 1235 1984 quos
1264 1900 1454 1985 intellegam

309 2009 408 2072 etiam
431 2007 530 2072 aliam
550 2007 710 2091 quandam
730 2007 911 2090 explicandi
935 2008 1095 2073 rationem
1115 2007 1301 2070 admittere*
1331 2004 1454 2081 Quodsi

308 2115 364 2200 qui
392 2115 476 2180 forte
505 2137 543 2178 cx
566 2114 688 2178 rustica
716 2114 946 2198 pronuntiandi
974 2113 1205 2179 consuetudine
1233 2112 1312 2177 haec
1346 2113 1454 2178 omnia

309 2225 342 2286 et
365 2221 485 2286 similia
508 2225 652 2306 repetere
676 2221 818 2286 animum
841 2220 1010 2304 inducant,
1043 2241 1109 2285 nou
1137 2219 1228 2284 video
1256 2219 1317 2294 hoc
1341 2223 1455 2286 contra

309 2329 492 2394 valiturum.
538 2326 612 2394 Non
635 2328 750 2414 ignoro
774 2328 937 2413 proditum
961 2350 1030 2394 esse
1054 2327 1162 2392 edum
1186 2325 1231 2392 ‘in
1249 2325 1344 2392 Latio
1367 2326 1454 2392 rnrc'

308 2435 407 2502 fuisse
432 2434 497 2520 ‘qui
526 2435 560 2500 in
590 2437 683 2520 urbe,
712 2439 749 2500 ut
777 2436 812 2500 in
839 2435 949 2500 multis
973 2456 993 2498 o
1017 2433 1141 2516 addito,
1169 2431 1301 2526 ecdus'
1329 2432 1454 2500 aVar-

307 2564 385 2607 rone
409 2542 447 2607 de
470 2543 490 2608 l.
513 2542 569 2606 lat.
588 2541 627 2626 V,
647 2542 699 2627 97,
722 2546 755 2607 et
779 2540 967 2625 ‘Mesium,
991 2562 1056 2605 non
1080 2537 1281 2604 Maesium'
1306 2539 1361 2604 lib.
1379 2538 1455 2623 VII,

308 2648 360 2732 96,
383 2648 462 2714 item
485 2647 685 2714 ‘Occilium
708 2646 918 2734 pretorcm’
942 2648 977 2712 in
993 2647 1112 2712 Lucilii
1136 2645 1341 2712 cavillatione
1364 2648 1455 2712 testi·

306 2754 367 2820 bus
395 2757 506 2822 eodem
534 2755 681 2822 Varrone
710 2761 743 2821 et
771 2755 926 2822 Diomede
954 2753 988 2820 ll
1017 2777 1047 2838 p.
1065 2755 1139 2819 447.
1189 2754 1236 2818 At
1267 2753 1353 2818 idem
1385 2754 1453 2819 scio

308 2863 410 2945 ipsius
434 2862 639 2947 antiquitatis
662 2884 728 2927 non
750 2863 851 2927 fuisse
875 2861 1073 2927 tenaciorem
1097 2860 1263 2926 custodem
1286 2881 1455 2926 conserva-

308 2967 484 3052 triccmque
516 2969 770 3033 constantiorem
797 2989 894 3052 quam
923 2969 1097 3033 eorundem
1129 2968 1322 3033 rusticorum
1350 2966 1454 3032 homi·

308 3095 386 3137 num
405 3075 677 3140 consuetudinem.
696 3113 739 3120 -—
759 3075 961 3160 Quamquam
980 3075 1069 3159 ipsae
1092 3097 1252 3160 nequam
1275 3074 1454 3159 nequitia

308 3179 431 3245 formae
459 3181 569 3265 quaeri
598 3185 707 3265 potest
733 3203 812 3246 num
840 3181 997 3266 singulari
1025 3203 1139 3246 caussa
1163 3181 1303 3266 quadam
1326 3185 1359 3245 et
1380 3203 1454 3265 pro·

307 3288 380 3370 pria
397 3288 523 3354 ratione
541 3287 603 3354 hac
621 3291 783 3373 regantur,
806 3293 843 3352 ut
865 3309 931 3353 non
953 3287 1145 3370 simpliciter
1167 3308 1183 3351 e
1206 3288 1395 3354 successisse
1418 3287 1454 3353 in

306 3393 413 3460 locum
436 3418 473 3462 ac
495 3394 689 3481 diphthongi
713 3394 846 3476 dicatur,
870 3393 926 3458 sed
950 3393 987 3458 de
1007 3393 1180 3458 notissima
1198 3415 1234 3458 oc
1257 3391 1454 3478 diphthongi
1592 3384 1595 3392 ⁴

307 3503 341 3566 in
367 3515 381 3566 c
409 3503 553 3570 vocalem
586 3501 782 3584 mutatione,
815 3523 911 3586 quam
936 3497 1102 3565 ‘Umlaut’
1140 3499 1271 3564 nomine
1304 3500 1452 3565 hodierni

268 3643 294 3684 2³
309 3608 510 3691 grammatici
544 3607 722 3691 appellant,
754 3607 927 3692 cogitatur,
959 3627 1017 3688 pro
1046 3617 1059 3669 t
1087 3610 1195 3671 autem
1224 3609 1353 3672 servata
1381 3628 1453 3672 esse

308 3715 503 3781 vetustiore
531 3715 651 3786 vocalis
680 3717 813 3798 putetur
841 3734 937 3798 quam
965 3713 999 3776 in
1028 3715 1079 3777 tot
1106 3713 1179 3777 aliis
1202 3713 1316 3798 habes,
1348 3718 1386 3780 ut
1417 3715 1452 3779 in

306 3817 522 3888 PAPERIVS
555 3819 718 3886 DEDIVS
751 3817 1084 3885 COMPROMESISE
1115 3818 1277 3884 Amase
1306 3819 1451 3886 VELET

306 3927 454 3994 DEDET
491 3924 638 3990 NVGES
675 3925 897 3992 PLOIRVME
937 3926 1043 3992 IVRE
1085 3925 1255 3993 IVNONE
1298 3926 1450 3992 Mandra

242 4053 249 4062 ·
307 4033 408 4098 ΤΙΒΕ
431 4031 521 4098 HEC
545 4031 644 4110 QVE.
689 4033 728 4099 In
751 4036 865 4120 quihus
888 4036 1038 4100 omnibus
1067 4035 1179 4099 etsill
1208 4035 1331 4101 vocalis
1354 4033 1454 4100 cessit

307 4139 479 4206 recentiori
503 4144 560 4206 aut
582 4140 627 4206 ΕΙ
652 4147 708 4206 aut
730 4142 745 4206 I
770 4142 958 4227 scripturae,
987 4163 1148 4226 nequam
1177 4145 1284 4208 autem
1313 4142 1363 4206 vel
1387 4164 1451 4206 ne·

361 4405 362 4408 ’
395 4387 421 4458 ’)
441 4388 508 4460 [Vbi
525 4389 619 4444 tamen
638 4388 741 4459 legitur
759 4387 997 4455 QVEISTORES:
1018 4387 1052 4444 cf.
1072 4387 1101 4444 C.
1122 4389 1141 4441 l.
1162 4388 1192 4442 L.
1213 4388 1225 4441 I
1243 4405 1269 4440 n.
1287 4392 1350 4454 1833
1374 4385 1402 4442 P.
1420 4387 1452 4444 L.

309 4475 345 4534 u.
366 4475 395 4532 Ε.
415 4477 472 4533 tab.
491 4475 604 4532 XCVlll
618 4477 654 4532 D.
693 4477 721 4533 O.
737 4477 795 4549 W.]
