3116 5066
512 383 662 430 rmvnvs
688 383 891 430 inuramus.
1206 369 1266 436 181

125 529 278 612 exemplis
316 523 645 590 COGNOVERVNT
685 523 1086 592 COMPOSEIVL'RVNT
1124 525 1268 593 DIXSE·

127 632 242 699 RVNT
274 631 497 698 IVSERVNT
533 631 785 698 IOVSllItVN'l
817 633 1120 699 POSSIDEBVNT
1153 633 1268 700 SVNT

126 738 273 806 ERVNT
304 737 514 804 FVERVNT
539 739 828 823 HABVERVNT,
860 763 918 805 nec
946 763 1080 825 usquam
1110 741 1206 806 aliter
1232 743 1266 806 in

19 821 20 874 l
127 846 191 930 lege
218 846 480 931 repetundarum.
526 845 611 911 Hinc
644 847 745 931 igitur
772 851 858 912 recte
886 848 1054 912 aestimari
1079 848 1170 912 valde
1203 849 1266 912 sin·

127 953 232 1038 gulare
264 953 437 1018 vetustatis
470 953 698 1018 documentum
736 951 848 1019 SONT
887 954 1008 1038 poterit
1039 977 1135 1019 versu
1167 955 1266 1020 tertio

128 1061 209 1125 tituli
233 1049 427 1126 Aletrinatis
454 1061 613 1144 posItum,
646 1062 776 1125 tametsi
799 1061 832 1126 in
864 1061 975 1126 eodem
1004 1060 1187 1126 LVDVNT
1217 1066 1266 1127 est

128 1189 153 1231 r.
173 1170 199 1250 l,
221 1191 285 1232 non
309 1167 394 1252 quod
419 1166 603 1232 Cittadinus
627 1172 767 1232 testatur
789 1167 976 1232 LVDONT.

209 1274 315 1339 Vnum
349 1278 451 1339 restat
483 1275 567 1359 quod
601 1297 665 1339 non
698 1276 870 1340 abhorrere
904 1299 922 1338 a
951 1279 1044 1340 tanta
1073 1275 1266 1360 antiquitate

129 1381 320 1445 ostendatur:
352 1379 578 1446 FAOOENDA
598 1405 693 1446 versu
718 1385 833 1466 quarto
857 1405 915 1466 pro
940 1407 977 1447 co
997 1383 1081 1467 quod
1101 1386 1265 1466 exspectes

19 1537 20 1568 ,
128 1483 345 1553 FAOIVNDA
384 1487 550 1571 scriptum.
609 1486 657 1551 De
699 1512 761 1573 quo
803 1489 944 1554 breviter
984 1489 1089 1555 dicere
1125 1513 1265 1574 possum,

19 1629 20 1658 ;
129 1615 229 1658 verum
250 1617 315 1660 non
339 1616 408 1659 esse
432 1594 518 1679 quod
542 1593 682 1659 creditur
701 1595 808 1681 vulgo,
831 1600 899 1661 tam
923 1601 1084 1662 recentem
1103 1619 1173 1660 esse
1193 1619 1264 1660 eam

128 1700 264 1785 formam,
287 1724 384 1787 quam
408 1723 477 1766 esse
497 1723 575 1766 sane
593 1702 805 1771 recentiorem
825 1705 947 1767 eertum
967 1706 1024 1786 est,
1047 1707 1084 1766 ut
1103 1703 1154 1766 vel
1172 1725 1263 1787 prae-

129 1811 174 1872 ter
193 1809 422 1875 auctoritatem
445 1809 602 1873 librorum
626 1809 660 1872 in
679 1807 839 1871 Plautinis
859 1807 1125 1892 Terentianisque
1144 1807 1264 1872 fabulis

129 1919 302 1982 constanter
331 1917 366 1982 in
395 1917 511 1981 -uodus
538 1915 742 1980 terminanda
770 1915 835 1980 sint
863 1915 1036 2000 participia
1058 1915 1125 1979 illa.
1171 1915 1263 1992 Quod

129 2024 161 2084 ut
180 2022 429 2106 demonstretur,
451 2024 533 2087 satis
561 2027 612 2086 est
636 2021 693 2086 St.
717 2023 755 2086 de
779 2020 996 2087 Baca'nalibus
1021 2025 1053 2086 et
1077 2045 1131 2086 aes
1156 2020 1259 2088 Genu·
1275 2039 1345 2080 xvn

19 2121 20 2150 ³
130 2149 194 2194 ense
225 2151 508 2196 commemorasse:
546 2151 682 2214 quorum
715 2129 795 2194 illud
827 2127 1088 2194 FACIENDAM
1121 2129 1261 2214 exhibet,

19 2289 20 2304 .
129 2233 180 2304 boc
201 2235 400 2302 COLENDI.
445 2237 513 2302 Nec
536 2239 665 2321 praeter
687 2235 766 2301 haec
790 2240 1000 2302 monumenta
1023 2236 1086 2300 duo
1110 2237 1260 2300 contendi

130 2345 224 2423 potest
245 2345 383 2428 septimo
408 2343 537 2407 saeculo
560 2364 631 2406 eam
654 2341 926 2426 terminationem,
949 2365 1030 2426 quae
1049 2343 1087 2406 fit
1105 2343 1138 2407 in
1157 2345 1260 2426 endas,

130 2445 287 2516 Vvooalis
316 2473 376 2516 usu
406 2449 545 2513 multum
568 2448 828 2532 praeponderari.
874 2447 1054 2512 Fatendum
1083 2453 1133 2511 est
1161 2451 1260 2513 semel

131 2557 242 2622 lantum
268 2559 302 2621 in
330 2558 402 2641 lege
429 2555 680 2640 repetundarum
710 2553 985 2618 TRIBVENDEI
1017 2554 1130 2618 haberi
1159 2559 1179 2635 ξ
1211 2557 1260 2638 19,

130 2664 241 2728 sexiens
264 2687 286 2728 u
309 2665 343 2728 in
371 2660 595 2726 LEGVNDIS
624 2658 861 2726 SORIBVNDI
892 2658 1161 2725 DEFERVNDO
1189 2661 1259 2725 LE-

130 2766 308 2836 GVNDEIS
341 2768 571 2836 DEIOVNDO
605 2765 921 2844 QVAERVNDAE.
967 2764 1090 2832 Contra
1121 2768 1155 2832 in
1187 2791 1259 2854 pro-

131 2875 205 2942 xima
234 2879 363 2964 agraria
396 2877 472 2940 anni
505 2877 569 2940 643
604 2875 683 2939 adeo
711 2896 726 2938 e
752 2875 864 2938 littera
896 2875 1077 2960 praepollet
1104 2879 1153 2960 ut,
1186 2899 1259 2940 oum

130 2979 196 3049 haec
217 2987 349 3052 noviens
374 2984 496 3069 scripta
515 2983 559 3048 sit
577 2982 612 3046 iu
630 2980 877 3046 FRVENDVM
901 2979 1139 3046 FRVENDVS
1157 2982 1256 3046 FRV·

129 3087 272 3157 IINDEIS
305 3089 517 3156 FRVENDA
552 3087 871 3170 DEDVCEINDAII,
909 3087 959 3152 bis
992 3091 1118 3153 tantum
1152 3089 1256 3153 VEN-

129 3191 305 3264 DVNDEIS
328 3201 465 3282 legatur,
489 3196 583 3280 idque
607 3199 673 3258 tarn
698 3195 781 3257 mira
804 3194 1014 3259 fluctuatione
1038 3199 1074 3260 ut
1092 3195 1256 3260 FRVEN-

129 3297 214 3368 Diels
239 3302 530 3371 VENDVNDEIS
558 3306 578 3382 ξ
607 3303 650 3364 42
679 3301 915 3382 consocientur,
947 3323 1081 3384 prorsus
1113 3307 1150 3365 ut
1181 3308 1257 3385 post

128 3411 214 3476 multo
241 3409 539 3478 REFIOIVNDAS
568 3403 860 3472 STERNENDAS
888 3405 921 3468 in
951 3405 1022 3490 lege
1046 3405 1130 3469 Iulia
1153 3409 1256 3472 muni-

127 3513 219 3602 cipali,
240 3541 321 3604 quae
344 3517 416 3602 pari
439 3515 474 3580 in
494 3515 555 3580 hoc
578 3535 695 3598 genere
719 3535 790 3576 cum
816 3511 945 3596 agraria
968 3513 1177 3594 proportione
1198 3518 1255 3599 est,

127 3623 167 3686 rel
192 3626 224 3690 in
246 3625 421 3692 Formiano
448 3622 547 3686 titulo
577 3621 602 3685 Ι.
629 3621 666 3686 a.
689 3620 729 3684 N.
752 3620 839 3682 4102
871 3617 919 3698 [O.
942 3617 967 3682 l.
991 3617 1025 3682 L.
1054 3617 1069 3684 I
1099 3641 1130 3683 n.
1157 3623 1255 3704 11923

127 3725 154 3792 P.
171 3719 206 3796 L.
231 3732 273 3796 M.
296 3733 333 3797 Ε.
357 3731 424 3794 tab.
444 3727 500 3792 LX
516 3729 567 3806 K]
592 3723 901 3792 CLAVDENDAM
925 3728 958 3788 et
981 3723 1253 3794 FAOIVNDVM.

126 3831 290 3924 Praeterea,
311 3845 349 3904 ut
372 3837 497 3920 aliquot
519 3833 674 3916 exemplis
698 3833 783 3916 quod
807 3832 873 3896 dixi
897 3832 1021 3896 firmem
1046 3833 1154 3916 eisquc
1174 3838 1254 3898 tem-

128 3941 202 4018 poris
222 3949 332 4010 notam
357 3948 479 4010 certam
501 3939 706 4022 habentibus,
731 3936 941 4002 FAOIVND·
966 3937 1068 4002 estin
1092 3939 1168 4002 anni
1188 3941 1252 4004 648

130 4039 332 4130 Capuenribus
366 4050 453 4116 3562
486 4046 602 4135 (3563)
636 4045 684 4127 [G.
713 4045 736 4109 Ι.
765 4043 799 4108 L.
832 4044 848 4108 I
880 4067 911 4108 n.
934 4043 999 4107 566
1024 4040 1131 4129 (567);
1158 4043 1193 4108 P.
1217 4045 1251 4111 L.

131 4145 165 4212 ll·
191 4153 225 4220 Il.
254 4159 320 4224 tab.
352 4156 460 4222 LXIII
484 4157 545 4240 B],
577 4155 611 4218 in
644 4153 721 4217 anni
754 4151 818 4216 649
850 4150 922 4234 lege
956 4149 1137 4214 Puteolana
1165 4153 1250 4219 2458

133 4250 172 4328 [C.
190 4257 212 4322 l.
232 4262 264 4328 L.
287 4265 304 4329 I
329 4287 362 4330 n.
389 4265 468 4346 5773
506 4262 538 4326 P.
568 4260 602 4325 L.
631 4258 675 4324 M.
697 4258 734 4322 Ε.
763 4257 828 4321 tab.
857 4255 977 4336 LXVI]
987 4306 995 4338 ,
1023 4255 1057 4320 in
1085 4259 1162 4322 anni
1186 4260 1252 4324 650

136 4353 271 4442 Capuensl
289 4371 375 4436 3564
396 4370 443 4452 [O.
463 4367 487 4432 l.
506 4367 540 4432 L.
563 4367 578 4431 l
606 4389 635 4431 11.
655 4365 734 4447 5683
763 4363 797 4427 P.
816 4361 850 4426 L.
869 4361 911 4426 M.
931 4361 968 4427 E.
992 4363 1057 4428 tab.
1076 4362 1184 4429 LXIII
1198 4366 1251 4450 Ol,

137 4455 386 4542 REPETVNDIS
407 4471 685 4540 STERNVNDIS
709 4473 743 4534 in
766 4469 842 4532 anni
866 4469 930 4534 662
950 4468 1114 4537 Orelliana
1135 4494 1165 4537 n.
1185 4473 1249 4540 569
