3116 5066
293 363 336 427 96
661 379 809 428 nmvnvs
833 379 1052 427 uvnumnvs.

291 521 374 586 rima
406 521 562 608 Scaligeri
595 523 775 588 emendatio
808 521 1046 587 AIMILIANA
1077 520 1276 604 reponentis:
1309 524 1382 602 sert,
1410 519 1438 582 si

217 677 224 688 .
291 629 375 694 forte
407 629 595 694 incredibile
626 651 692 694 non
719 631 763 695 sit
785 627 1034 693 FAMILIANA
1057 650 1074 692 e
1097 625 1347 691 MVMMIANA
1371 647 1439 690 eor-

291 743 424 820 ruptum
448 759 526 816 esse,
548 736 700 801 Herculis
724 737 868 803 Victoris
892 736 926 800 in
943 735 1015 801 foro
1030 733 1142 800 boario
1175 733 1341 798 conditam
1366 756 1387 798 a
1404 731 1438 796 L.

291 841 449 907 Mummio
473 843 584 908 oedem
612 844 822 929 intellegatur
846 843 1016 908 rotundam
1043 841 1151 906 fuisse.
1200 839 1287 906 Nam
1318 841 1438 905 certius
1542 833 1543 882 i

292 950 464 1035 quicquam
488 973 561 1015 cum
585 951 694 1035 aliqua
717 949 913 1016 confidentia
936 947 1063 1014 definiri
1085 969 1180 1032 posse
1203 969 1298 1034 nego.
1419 941 1424 960 '

381 1055 518 1142 Signum
550 1061 658 1122 sutem
689 1055 838 1122 Herculis
866 1079 887 1120 a
917 1055 1074 1120 Mummio
1107 1055 1290 1120 dedicatum
1324 1076 1365 1119 ex
1393 1055 1438 1118 eis

292 1163 371 1228 artis
395 1165 546 1248 operibus
574 1163 674 1230 fuisse
702 1186 784 1250 quae
807 1163 964 1229 Corintho
988 1162 1043 1226 ille
1069 1161 1267 1245 abstulisset,
1289 1181 1342 1227 res
1367 1161 1439 1245 ipss
1542 1167 1543 1178 ¹

291 1270 444 1354 loquitur.
490 1270 613 1346 Quibus
641 1293 714 1336 eum
744 1291 811 1336 non
838 1271 951 1335 urbem
978 1273 1105 1334 tantum
1134 1289 1267 1333 ornasse
1297 1267 1357 1333 sed
1380 1269 1438 1332 cir·
1542 1263 1543 1268 ’

292 1376 505 1443 cumiocentie
527 1400 654 1463 quoque
677 1378 797 1464 oppida
816 1381 849 1442 et
867 1375 1102 1442 Strabotestis
1126 1379 1176 1440 est
1198 1374 1279 1441 VIII
1302 1397 1335 1459 p.
1355 1375 1437 1441 381:

293 1485 407 1562 εχεδὸν
432 1487 468 1550 δέ
501 1507 530 1549 τι
562 1487 613 1549 καὶ
640 1490 707 1551 τῶν
733 1485 842 1551 ἄλλων
871 1484 1083 1564 ἀναθημάτων
1110 1488 1176 1548 τῶν
1201 1484 1237 1548 ἐν
1264 1483 1373 1567 Ῥώμῃ
1401 1482 1439 1545 τὰ

292 1593 425 1655 ubetem
443 1592 494 1655 καὶ
513 1590 621 1671 ἄριετα
640 1595 790 1660 ἐντεῦθεν
811 1593 958 1674 ἀφῖχθαι·
981 1592 1053 1657 τινὰ
1075 1592 1110 1656 δὲ
1134 1591 1185 1655 καὶ
1208 1591 1240 1655 αἱ
1259 1592 1367 1676 κύκλῳ
1386 1595 1439 1670 τῆ(

292 1695 415 1776 Ῥώμη(
434 1698 544 1764 πόλει(
564 1699 666 1781 dcxcv,
690 1701 780 1766 etin
803 1699 933 1767 Sabinis
956 1703 1087 1784 reperta
1110 1701 1321 1762 monumento
1345 1717 1439 1782 quee-

292 1803 367 1868 dsm
400 1805 593 1872 documento
626 1812 708 1873 sunt.
759 1809 829 1886 Quo
864 1812 897 1872 et
928 1807 1102 1872 Reatinum
1133 1804 1337 1888 epigramma
1368 1823 1438 1886 pcr-

292 1911 394 1976 tinere
419 1914 546 1980 videtur
574 1915 612 1979 de
637 1937 699 2000 quo
723 1939 798 1981 mox
828 1915 965 1994 dicetur,
993 1913 1083 1980 etin
1107 1911 1232 1976 duabus
1256 1913 1437 1976 statuarum

293 2017 426 2098 basibus
435 2020 467 2106 ²¹¹)
492 2020 652 2086 Trebulae
666 2021 853 2088 Mutuescee
872 2022 999 2086 effossis
1018 2021 1137 2084 iterato
1154 2018 1235 2082 haec
1252 2017 1438 2101 inscriptio:

718 2128 761 2193 L·
775 2125 1002 2194 MVMMIVS·
1017 2125 1095 2194 COS

795 2234 865 2300 VI
889 2232 914 2299 Ο
939 2233 966 2300 Ο
1542 2295 1543 2310 ,

294 2337 379 2420 apud
398 2338 587 2406 Fabrettum
607 2341 646 2426 V,
669 2343 734 2407 293
758 2365 788 2426 p.
812 2343 878 2408 400
902 2347 935 2407 et
958 2341 1115 2407 Orellium
1138 2361 1170 2403 n.
1193 2339 1259 2403 574
1283 2336 1333 2420 [Ο.
1357 2337 1381 2402 Ι.
1404 2334 1436 2399 L.
1542 2317 1543 2336 Χ

292 2443 354 2510 In.
372 2445 461 2528 543}
482 2447 554 2513 Huc
573 2449 696 2513 aceedit
713 2449 748 2513 in
769 2471 847 2534 egro
866 2447 1008 2514 Nursino
1028 2451 1193 2531 repertum
1212 2445 1320 2510 simile
1340 2444 1438 2528 ‘frag-

293 2553 451 2618 mentum'
476 2555 561 2639 apud
584 2554 802 2621 Muratorium
824 2579 855 2641 p.
878 2555 953 2632 288,
978 2557 994 2618 1
1022 2552 1072 2636 [Ο.
1095 2553 1119 2618 Ι.
1144 2552 1179 2617 L.
1203 2551 1273 2617 ln.
1298 2552 1395 2633 544]:

717 2661 767 2725 L·
791 2648 1011 2728 MVIIIVS

718 2767 796 2835 OOS
820 2805 827 2821 ·
853 2768 944 2836 DIID
994 2767 1026 2833 N

293 2873 324 2938 h.
353 2895 377 2938 e.
406 2875 582 2958 interprete
610 2874 812 2941 Mommsenc
839 2873 963 2942 DEDit
988 2875 1153 2942 Numinis:
1187 2873 1272 2957 quod
1300 2895 1381 2938 seue
1407 2870 1438 2934 in

293 2999 424 3062 gravem
448 2979 571 3045 fraudis
596 2983 812 3066 suspicionem
835 2984 975 3066 veniret,
998 2983 1061 3047 nisi
1087 2981 1339 3066 superimposita
1363 2979 1438 3044 line·
1506 3003 1509 3010 ¹

293 3087 346 3150 ola
369 3090 480 3169 posset
509 3086 550 3150 eb
573 3087 762 3172 Hyacinthc
785 3087 919 3153 Mannio
943 3088 1013 3153 Icto
1037 3088 1185 3152 Romano
1210 3087 1338 3152 adiecto
1362 3105 1438 3164 esse,

294 3216 313 3257 a
342 3214 405 3276 quo
434 3192 497 3256 sibi
526 3193 660 3259 missam
691 3195 935 3280 inscriptionem
964 3194 1164 3260 Muratorius
1192 3193 1327 3278 accepit.
1380 3187 1437 3258 Sed

293 3320 359 3363 non
379 3298 479 3363 solius
498 3302 607 3365 tamen
625 3301 761 3366 viciniae
780 3302 898 3366 finibus
917 3300 952 3366 L.
971 3299 1164 3366 Mummium
1181 3300 1437 3365 munificentiam

296 3443 505 3452 ---.-.--.-

383 3508 513 3579 *)Saper
538 3511 582 3565 his
604 3511 719 3567 basibus
737 3511 886 3567 Fabrettus
911 3513 978 3567 bina
996 3511 1089 3581 inquit
1105 3513 1187 3582 siam
1208 3512 1438 3568 elaboratissimo
1542 3567 1543 3572 ,

293 3599 448 3654 iadmtriae
461 3600 562 3654 stetisse
573 3601 720 3668 observabi,
730 3604 787 3657 iam
799 3603 876 3656 haeai
889 3603 1024 3667 iaceam·
1042 3619 1111 3670 quae
1124 3603 1188 3656 otim
1201 3617 1362 3670 praecoma
1377 3615 1437 3672 qao·

293 3689 413 3742 eandam
431 3688 541 3742 beroam
559 3690 692 3760 imapiaes
703 3709 774 3760 prae
791 3708 818 3746 se
834 3691 926 3744 tulisse
941 3695 1023 3760 pato,
1041 3695 1073 3744 at
1089 3691 1244 3759 scalpturae
1262 3690 1399 3760 elepaatia
1415 3691 1438 3740 et
1542 3683 1543 3690 ’

289 3777 489 3845 paludamenta
507 3793 564 3830 ame
582 3777 707 3834 Bouiano
720 3795 793 3832 more
806 3795 887 3848 sapa·
906 3779 1031 3833 (taetram
1044 3779 1192 3844 buaiaum,
1210 3778 1257 3832 sed
1271 3778 1438 3834 Graecanico

293 3881 375 3934 saper
397 3865 540 3920 sinistram
567 3867 654 3933 fibula
684 3869 873 3936 consprebeusa
896 3869 1087 3922 deamatstraut.
1138 3865 1284 3935 Vtramque
1311 3873 1437 3928 amana,

294 3955 410 4009 laceram
434 3956 571 4024 quassato,
595 3955 714 4010 brachiis
737 3961 761 4010 et
784 3957 912 4011 cruribus
934 3957 1060 4010 abscissis
1078 3959 1102 4010 et
1121 3957 1210 4024 eapite
1228 3956 1377 4023 deperdito,
1398 3956 1436 4008 Io.

293 4043 426 4111 Baptista
456 4043 624 4100 MicbaeIius
656 4043 775 4100 Sanctae
808 4043 944 4100 Victom'ae
978 4043 1149 4099 Trebaiaaae
1178 4042 1319 4112 Martyris
1347 4045 1437 4100 Attus

294 4133 412 4202 mittique
431 4135 513 4202 Ioapo
528 4134 652 4187 amicitia
666 4135 905 4188 eoaiaimtissiasus
918 4133 1142 4188 Esaiaeatissimo
1156 4132 1194 4186 D.
1209 4131 1360 4188 Oardiimli
1374 4134 1437 4188 Gar-

290 4219 374 4286 piaeo
397 4221 468 4274 dono
492 4221 566 4275 dedit
590 4221 757 4290 Romamque
780 4223 877 4276 edocti
900 4223 1020 4287 curavit,
1043 4238 1161 4290 quarum
1184 4221 1271 4275 attera
1293 4224 1372 4277 modo
1397 4219 1436 4275 M.

294 4308 405 4362 Aurelii
430 4309 480 4362 Pii
502 4309 548 4374 F„
572 4311 659 4364 attera
684 4309 718 4362 P.
745 4309 872 4378 Septimii
897 4309 990 4364 Severi
1013 4325 1144 4378 personas
1169 4315 1274 4379 pareat.
1317 4306 1437 4382 Ascripei

295 4395 422 4452 Fabretti
439 4397 524 4474 verbs
542 4399 586 4466 nt,
608 4399 662 4452 hoo
685 4399 795 4452 statuae
813 4417 880 4453 num
897 4399 969 4454 forte
988 4398 1150 4468 superstites
1169 4399 1236 4466 sint,
1260 4402 1399 4468 quaerent
1416 4395 1436 4450 si

296 4483 385 4538 velint
398 4485 584 4555 srahaeolcgi.
