3282 5076
422 396 677 445 turnonooma
703 399 855 447 narinus
881 399 1140 448 conounsnrvu.
1289 381 1354 447 243

253 537 307 602 Eo
330 538 509 622 cupidius
532 545 697 625 perpoto
721 543 758 606 in
781 547 1027 609 monumento
1052 565 1147 625 meo,

254 643 359 720 Quod
382 645 644 712 dormiendum
668 653 705 714 et
727 650 1027 734 permanendum
1051 650 1112 715 hio
1136 653 1193 716 est
1216 649 1319 715 mihi.

209 787 271 852 Vel
300 789 380 854 Hoc
412 790 601 876 cupidius.
656 791 725 858 Neo
757 797 828 858 erat
861 817 916 860 our
948 793 986 859 de
1019 793 1210 878 impostoris
1242 792 1356 858 fraude
1395 847 1396 850 η

208 894 442 979 Epicureorum
457 897 602 963 scholam
618 899 802 965 simulantis
822 899 982 986 cogitaret
995 897 1203 965 Muratorius:
1227 899 1355 984 quando

209 1007 261 1066 sat
284 1003 504 1088 exemplorum
532 1027 597 1071 non
626 1005 763 1090 disparis
793 1007 920 1092 generis
948 1006 1049 1072 habes
1077 1029 1097 1071 a
1119 1003 1259 1072 Marinio
1283 1027 1356 1071 oon-

209 1113 337 1193 gestum
364 1111 463 1176 Insor.
491 1111 566 1178 Alb.
590 1136 620 1198 p.
642 1113 714 1196 117,
746 1115 781 1178 in
811 1113 922 1198 eisque
953 1112 1109 1197 quaedam
1142 1113 1221 1178 item
1252 1116 1356 1177 metro

209 1215 365 1282 adstricta
388 1218 438 1282 val
461 1218 602 1284 iambico
631 1221 682 1285 vel
706 1219 875 1304 dactylico.
916 1218 1091 1286 Difficilius
1104 1218 1268 1304 ‘enpeditu
1292 1219 1357 1303 epi·
1387 1207 1388 1210 ¹

209 1344 356 1410 gramma
386 1329 437 1390 est
464 1347 481 1390 e
509 1324 689 1391 Oardinalis
718 1327 989 1411 Inscriptionibus
1014 1326 1190 1392 Veliternis
1217 1326 1356 1411 petitum

209 1431 249 1495 ab
281 1429 402 1497 Orellio
430 1433 519 1498 4735
551 1433 593 1514 [I.
616 1431 657 1498 N.
684 1456 716 1498 n.
736 1433 850 1515 7050]:
886 1431 1010 1499 HAVE
1030 1469 1036 1482 ·
1056 1433 1227 1499 MANLIA
1249 1433 1260 1518 l
1282 1431 1357 1498 AN·

207 1536 352 1603 rflvsa
370 1538 381 1623 11
398 1537 516 1604 BENE
533 1573 538 1588 ·
555 1539 738 1605 SIT-TIBI
754 1577 760 1588 ·
776 1540 1008 1618 ovlmnors
1025 1540 1036 1625 ΙΙ
1054 1541 1128 1606 ΕΤ·
1141 1527 1355 1619 VIBI-QVI·

208 1643 454 1711 PRAETERIS
472 1647 483 1732 ΙΙ
501 1645 600 1712 MIHI
621 1683 626 1696 ·
647 1645 723 1724 QVI
744 1683 749 1695 ·
769 1646 857 1714 HOO
876 1683 883 1698 ·
902 1646 1012 1714 LOOO
1033 1683 1038 1696 ·
1058 1646 1310 1714 MONVMENT
1329 1649 1340 1732 ΙΙ

208 1751 307 1818 FEOI
322 1788 328 1802 ·
343 1753 422 1818 ΕΤ·
437 1753 551 1820 MEIS.
582 1753 647 1819 Vbi
666 1760 743 1839 post
761 1755 1006 1840 integerrimum
1030 1755 1192 1820 senarium
1215 1755 1356 1838 priorem

207 1860 242 1924 in
266 1860 368 1926 altero
392 1860 468 1938 QVI
496 1883 674 1945 pronomen
706 1883 839 1946 prorsus
871 1884 937 1928 non
968 1861 1068 1928 habet
1096 1884 1159 1948 quo
1190 1861 1357 1946 referatur,

207 1967 271 2032 nisi
295 1965 396 2032 MIHI
420 1967 567 2032 dativum
595 1969 723 2036 soloeoa
750 1969 992 2034 constructione
1017 1965 1182 2055 (qualibus
1206 1991 1283 2035 sane
1306 1993 1356 2036 so·

208 2074 371 2140 loeoismis
398 2071 530 2140 minime
560 2081 676 2141 vacant
705 2075 849 2160 lapidum
880 2061 982 2162 tituli)
1011 2099 1083 2142 aum
1110 2074 1356 2142 PRAETERIS

208 2182 307 2248 verbo
332 2182 378 2248 sio
402 2181 535 2268 iungas:

252 2321 354 2388 Bene
378 2322 430 2389 sit
453 2325 528 2390 tibi
552 2325 617 2409 qui
640 2326 755 2412 le'gis,
779 2329 816 2391 et
839 2327 914 2391 tibi
938 2327 1001 2412 qui
1023 2325 1218 2411 praeteris

252 2429 361 2515 Mihi,
380 2432 444 2516 qui
467 2431 646 2498 hocloco
670 2435 953 2498 monumentum
975 2433 1067 2498 milri
1089 2433 1165 2498 feei
1190 2435 1228 2498 et
1247 2435 1355 2499 meis:

207 2595 283 2639 nam
305 2573 524 2658 paenultimus
551 2575 639 2639 tituli
668 2596 777 2640 versus
806 2575 884 2661 quin
912 2574 1039 2660 integer
1066 2597 1131 2640 non
1159 2573 1259 2640 sitin
1283 2576 1355 2660 fine,

207 2681 348 2747 dubitari
370 2679 493 2765 nequit.
530 2679 623 2758 Quod
646 2681 741 2747 facile
765 2685 930 2767 exspectes
954 2680 995 2745 ad
1018 2681 1222 2766 sententiam,
1245 2681 1371 2746 Mihi-⁸

208 2809 292 2872 que,
325 2787 389 2871 qui
421 2787 492 2853 hoo
524 2789 607 2853 loeo
637 2810 663 2854 e.
683 2811 712 2874 q.
732 2813 769 2873 s.,
799 2783 865 2852 non
888 2787 990 2852 intrat
1012 2787 1048 2852 in
1071 2810 1212 2872 versum3
1250 2790 1355 2854 versui

208 2899 316 2959 autem
340 2893 425 2979 quod
448 2915 515 2959 non
537 2899 706 2980 repugnat,
729 2893 910 2980 Mihique.
938 2893 1009 2960 hoo
1032 2895 1116 2960 looo
1141 2917 1166 2959 e.
1181 2918 1210 2980 q.
1228 2917 1262 2980 s,
1285 2896 1355 2961 hiat

208 3001 502 3068 aeonstruotione:
527 3023 722 3088 quamquam
746 3003 815 3068 fieri
839 3007 949 3088 potest
972 3007 1009 3068 ut
1031 3002 1101 3087 hoo,
1126 3002 1162 3068 ut
1183 3003 1217 3068 in
1241 3025 1279 3068 eo
1300 3025 1355 3090 ge-

206 3130 283 3174 nere
307 3107 372 3173 alia
395 3107 528 3191 similia,
559 3107 762 3174 tolerandum
787 3109 878 3194 sit.*)
924 3108 1034 3174 Etiam
1057 3111 1130 3194 plus
1154 3109 1354 3176 difficultatis

207 3216 290 3280 alius
314 3213 430 3279 titulus
454 3219 542 3279 areat
565 3215 745 3301 imperante
768 3213 971 3281 Diocletiano
994 3217 1111 3301 faetus,
1134 3239 1228 3301 quem
1253 3216 1355 3282 aFea

153 3384 157 3394 ,
206 3321 346 3406 primum
370 3320 569 3406 publicatum
585 3320 766 3386 Guilelmus
790 3320 961 3386 Heuaenus
984 3323 1116 3388 iteravit
1138 3323 1173 3387 in
1196 3345 1354 3388 commen-

207 3427 331 3492 tatione
354 3427 393 3492 de
416 3429 529 3494 tabula
553 3427 759 3493 alimentaria
781 3425 1022 3494 Baebianorum
1047 3429 1169 3512 scripta
1190 3451 1220 3514 p.
1242 3429 1285 3494 54
1309 3433 1355 3510 [et

207 3533 303 3600 Orell.
327 3536 441 3616 6017]:

726 3640 836 3706 uu
1276 3731 1277 3734 Ὺ
1331 3675 1407 3734 u

221 3748 376 3815 r-FLA
396 3785 401 3798 ·
422 3747 665 3816 POSTVMIVS
685 3785 690 3797 ·
710 3747 858 3814 VARVS
879 3747 1018 3815 ·V·O··
1038 3747 1115 3814 OOS
1135 3783 1142 3796 ·
1161 3747 1336 3814 ORATOR

247 3843 1319 3922 Avo·xV·vJR·PRAEF·VRB·V1x1BEATVSDHS

188 4003 191 4008 ·
592 3961 767 4028 AMIOIS·
792 3961 963 4027 LITERIS

206 4067 355 4136 MANES
375 4067 577 4135 OOLAMVS
593 4105 599 4118 ·
613 4067 802 4145 NAMQVE
826 4067 1009 4134 OPMRTIS
1029 4067 1171 4133 MANIB
1187 4103 1193 4117 ·
1208 4067 1354 4134 DIVINI

468 4175 621 4243 Vrsasr
646 4175 844 4241 AETERNI
867 4175 1087 4242 TEMPORIS

207 4317 330 4406 Integri
351 4323 428 4383 sunt
447 4319 576 4384 aVIXl
596 4319 714 4384 senarii
733 4318 809 4402 duo,
832 4318 925 4402 eique
947 4340 1012 4384 non
1032 4317 1178 4382 scaenica
1202 4317 1353 4384 libertate

206 4455 418 4462 —---—.-.--.--

295 4513 320 4579 *r
340 4513 423 4584 [Vide
442 4513 517 4568 iufra
537 4514 629 4568 ‘curas
649 4511 794 4568 secundas'
815 4531 842 4582 p.
862 4511 926 4566 Xlll
945 4513 1028 4581 (252).
1066 4511 1095 4567 0.
1111 4511 1168 4582 W.]

1086 4602 1140 4656 lss*
