3116 5066
276 340 342 412 ,94
666 359 816 408 rrrvnvs
840 359 1059 408 nvunrsrvs

298 499 511 564 dedicationis
544 501 651 586 legem
683 501 745 566 vici
778 501 940 566 Furfentis
973 499 1043 587 (Or.
1076 499 1162 564 2488
1194 497 1243 579 [Ο.
1267 499 1292 564 Ι.
1316 497 1352 563 L.
1375 501 1393 563 I
1418 524 1450 564 n.

298 605 376 688 6033
414 605 447 672 P.
475 606 510 671 L.
538 606 581 674 M.
608 607 645 672 E.
678 608 743 673 tab.
775 603 958 693 LXXXIII)
989 606 1196 692 quantumvis
1229 629 1249 670 a
1286 608 1450 671 sermonis

299 713 493 795 antiquitate
516 714 704 779 notabilem.
749 712 819 779 Nec
842 714 904 779 huc
927 715 1077 798 pertinet,
1102 714 1186 798 quod
1206 713 1355 798 plebeiae
1374 735 1451 778 oon·

299 819 478 883 suetudinis
502 842 541 884 aa
563 820 727 886 mutilatio
751 822 866 906 quavis
886 825 993 887 aetate
1011 821 1086 886 fuit:
1110 820 1195 905 quod
1214 842 1317 905 genus
1336 823 1451 888 dedita
1553 885 1554 890 ,

299 946 398 1010 opera
421 927 499 990 olim
521 928 743 994 tractabimus.

387 1031 435 1097 De
464 1034 572 1100 verbis
600 1039 634 1100 et
660 1035 779 1100 litteris
812 1035 893 1100 satis
921 1033 1077 1120 dixero*),
1105 1035 1161 1100 ubi
1189 1057 1254 1101 uno
1277 1036 1378 1101 verbo
1410 1037 1449 1100 de

298 1141 403 1226 figura
425 1141 451 1206 L
481 1143 611 1207 litterae
640 1165 793 1226 monuero
822 1143 863 1207 ad
886 1143 1092 1227 antiquitatis
1116 1165 1210 1208 usum
1233 1165 1335 1226 prope
1360 1165 1450 1208 aece-

298 1249 393 1312 dente
417 1269 454 1313 eo
478 1249 577 1333 quod,
601 1249 661 1313 etsi
683 1272 748 1315 non
772 1254 823 1314 cst
845 1271 976 1330 prorsus
1000 1254 1104 1334 acuta,
1128 1253 1238 1314 tamen
1260 1271 1301 1315 ne
1319 1254 1448 1316 rectum

299 1353 427 1438 quidem
451 1356 606 1440 angulum
630 1356 738 1439 habet,
763 1356 820 1422 scd
838 1357 977 1422 mediam
997 1357 1135 1440 speeiem
1154 1357 1329 1440 quandam:
1354 1359 1448 1422 cuius

299 1460 436 1526 rationis
470 1461 580 1546 aliqua
617 1464 796 1530 similitudo
837 1464 936 1529 etiam
969 1464 1009 1527 ad
1042 1463 1069 1528 I}
1102 1464 1246 1528 litteram
1277 1465 1448 1549 pertinuit.

299 1569 399 1654 quue
428 1568 490 1634 hoc
517 1571 760 1636 memorabilius
785 1574 847 1654 est,
875 1570 972 1654 quod,
1005 1591 1078 1634 cum
1105 1571 1278 1654 pristinam
1306 1571 1448 1655 figuram

299 1677 404 1741 solam
432 1680 498 1740 tres
531 1675 718 1760 Scipionum
749 1676 836 1742 tituli
865 1676 1084 1761 antiquissimi
1112 1681 1249 1758 servent,
1272 1679 1449 1760 utrumque

299 1804 401 1868 genus
424 1783 490 1848 iam
514 1787 649 1868 quartus
673 1784 802 1848 miscuit
825 1783 860 1846 in
883 1785 955 1866 ipso
979 1783 1181 1868 sarcophago
1205 1781 1409 1868 Barbeti.**)

387 2064 414 2134 *)
434 2063 579 2134 [Conferas
604 2067 697 2120 lamen
721 2081 792 2134 quae
817 2064 930 2134 scripsit
947 2063 1117 2119 Ritsohelius
1141 2063 1169 2118 Ρ.
1191 2063 1221 2117 L.
1241 2063 1277 2117 M.
1297 2063 1328 2118 E.
1349 2063 1448 2118 Enarr.

298 2171 325 2223 p.
345 2157 393 2207 lt:
423 2153 467 2207 ‘In
491 2153 608 2223 singulis
636 2155 758 2223 (praeter
781 2171 815 2208 ea
838 2154 873 2209 de
896 2154 997 2223 quibus
1021 2153 1088 2208 olim
1111 2151 1168 2206 disi
1192 2152 1369 2221 explicatius)
1393 2170 1449 2207 non

298 2241 383 2297 mirer
401 2240 426 2296 si
444 2241 507 2310 quis
521 2241 668 2298 DVltLLO
688 2243 781 2312 potius
797 2242 1000 2310 exspectaverit
1014 2257 1098 2309 quam
1113 2239 1239 2308 BELLQ
1254 2240 1336 2295 valde
1352 2245 1448 2296 antem

299 2330 469 2400 singularem
487 2331 633 2386 breviandi
650 2332 763 2386 modum
782 2331 906 2386 offendat
924 2331 953 2384 in
972 2329 1068 2385 DVCT
1089 2331 1117 2384 et
1132 2329 1235 2384 CAPT.
1255 2330 1406 2386 Praeterea
1420 2333 1448 2386 in
1553 2387 1554 2396 ,

299 2412 401 2476 1]ch
420 2419 645 2490 antiquissimum
664 2421 821 2490 exemplum
840 2421 927 2474 habes
948 2436 1031 2489 supra
1049 2436 1159 2473 versum
1184 2418 1337 2487 productae
1357 2421 1380 2473 Τ
1400 2420 1447 2474 lit·
1553 2453 1554 2464 .

298 2511 383 2577 teras,
403 2509 480 2564 cuius
500 2507 670 2563 mentionem
688 2508 772 2563 inieci
791 2507 879 2562 Musei
898 2509 986 2562 Itben.
1005 2511 1025 2562 t.
1045 2509 1109 2562 XIV
1128 2525 1154 2576 p.
1175 2512 1227 2560 486
1247 2525 1286 2575 sq.
1307 2507 1403 2578 (inira
1421 2527 1447 2562 n.
1553 2497 1554 2528 ³

299 2597 392 2670 XIV),
407 2599 465 2654 alia
479 2598 607 2667 exempla
621 2597 829 2667 repraesentavi
842 2597 900 2652 tab.
917 2595 991 2650 LXX
1002 2596 1035 2650 G.
1050 2595 1222 2650 LXXVIIIG
1236 2597 1274 2649 H.
1289 2596 1404 2651 LXXIX
1412 2598 1446 2650 B.
1548 2671 1554 2694 4

300 2687 468 2743 LXXXVIII
483 2687 511 2741 A
524 2689 551 2740 B
566 2687 603 2741 D.
622 2686 762 2740 LXXXIX
777 2687 807 2740 J.
827 2685 873 2740 XC
889 2687 921 2740 G.
942 2685 1017 2739 XCII
1036 2687 1071 2740 A.
1091 2684 1179 2739 XCIII
1197 2683 1246 2738 F!
1285 2683 1314 2740 C.
1333 2685 1392 2757 W.]

371 2778 413 2846 **)
440 2777 516 2849 [Alia
539 2777 730 2846 disputantem
753 2776 817 2830 vide
843 2776 1029 2831 Ritscbelium
1053 2775 1141 2830 Musei
1168 2775 1254 2828 Rhen.
1279 2777 1300 2828 t.
1325 2774 1365 2828 IX
1383 2793 1412 2844 p.
1434 2783 1447 2829 1

301 2867 364 2920 adn.
383 2893 399 2924 a
419 2866 502 2936 (infra
520 2885 547 2918 n.
566 2865 641 2932 Vll);
661 2865 707 2920 adi
725 2866 1006 2934 praetereaeundem
1025 2867 1054 2920 P.
1079 2865 1110 2918 L.
1130 2864 1166 2920 u
1187 2864 1217 2920 Ε.
1237 2865 1332 2920 Enarr.
1352 2883 1380 2934 p.
1405 2871 1449 2934 46,

299 2954 349 3008 nbi
366 2955 436 3010 haec
455 2957 531 3009 sunt:
558 2954 611 3008 ‘Ne
636 2955 681 3008 cui
703 2953 831 3008 fraudem
849 2955 870 3008 L
891 2954 1002 3010 litterae
1026 2955 1116 3024 figura
1133 2953 1233 3021 iaciat,
1257 2953 1380 3023 speciem
1398 2954 1450 3008 illa

301 3042 476 3112 obliquitatis
494 3043 569 3096 baud
589 3059 655 3096 sane
674 3043 804 3112 ambigue
819 3061 886 3112 prae
901 3060 930 3097 se
944 3043 1044 3110 ferens,
1063 3043 1204 3097 sciendum
1219 3043 1261 3096 est
1275 3042 1321 3098 hic
1334 3041 1448 3112 quidem

301 3149 412 3202 prorsus
428 3131 557 3186 fallacem
573 3149 635 3186 eam
650 3130 769 3201 speciem
786 3129 933 3202 propterea
948 3149 1007 3186 esse
1022 3131 1096 3202 quod
1112 3129 1283 3206 simillimam
1293 3131 1449 3201 lapidarius

300 3219 386 3273 etiam
406 3219 427 3273 Ε
447 3219 572 3274 litteram
590 3220 670 3274 finxit
688 3220 922 3276 constantissime:
948 3239 1003 3276 non
1022 3221 1079 3276 alia
1096 3221 1125 3275 id
1145 3219 1258 3290 quidem
1277 3235 1378 3273 caussa
1395 3219 1450 3272 nisi

300 3306 438 3362 arbitratu
457 3326 514 3377 sno,
534 3325 596 3362 oum
611 3308 670 3363 illic
692 3309 783 3363 simile
804 3311 887 3379 atque
907 3310 936 3363 in
955 3309 976 3366 L
996 3307 1145 3364 discrimen
1167 3307 1320 3377 antiquitas
1339 3307 1448 3362 nullum

300 3397 418 3451 noverit.
455 3396 580 3452 Eandem
608 3401 703 3456 autem
726 3397 969 3452 ratiocinationem
994 3398 1195 3453 recordandum
1220 3397 1273 3452 erit
1291 3399 1320 3452 in
1339 3395 1449 3467 lapides

301 3485 435 3553 quosdam
459 3485 528 3540 allos
553 3487 664 3555 cadere,
692 3486 770 3541 velut
792 3485 822 3540 in
843 3487 901 3543 tab.
920 3487 982 3541 LIII
1001 3487 1041 3554 B,
1065 3487 1133 3542 item
1150 3487 1209 3541 tab.
1228 3486 1356 3556 LXXXI,
1379 3487 1449 3540 item

300 3573 357 3628 tab.
382 3573 520 3628 LXXXIX
535 3577 569 3632 A.
609 3575 782 3646 Quemquam
811 3575 897 3630 etiam
926 3575 1029 3630 omissa
1055 3575 1076 3628 Ε
1105 3575 1216 3630 lItteraa
1239 3575 1448 3644 comparatIone

301 3661 409 3732 aliquid
432 3663 462 3716 in
486 3664 539 3718 boo
561 3681 662 3734 genere
686 3664 739 3719 soli
762 3663 839 3718 casui
864 3663 1043 3719 tribuendum
1068 3681 1126 3718 esse
1149 3664 1219 3718 tales
1242 3663 1321 3718 tituli
1340 3665 1448 3732 (quam-

301 3769 386 3822 quam
400 3768 516 3807 numero
531 3754 623 3822 pauci)
634 3753 799 3808 documento
815 3756 879 3808 sunt
893 3754 990 3822 quales
1005 3753 1091 3808 habes
1105 3753 1163 3808 tab.
1179 3751 1267 3807 LXIX
1276 3753 1312 3808 Β.
1327 3751 1402 3806 LXX
1413 3753 1447 3808 A.

301 3841 401 3896 LXXII
416 3843 451 3895 A.
472 3840 587 3896 LXXVI
597 3842 633 3897 B.
652 3841 779 3896 LXXXV
788 3842 825 3896 D.
844 3841 972 3897 XCIIIA.
994 3842 1074 3910 Quid,
1085 3841 1159 3911 quod
1178 3841 1206 3894 in
1219 3841 1284 3911 pagi
1296 3841 1366 3896 scito
1380 3841 1447 3895 Her·

301 3931 418 3986 culaneo
437 3929 494 3985 tab.
514 3930 588 3985 LXV
603 3931 750 3985 dumtaxat
768 3929 810 3985 bis
829 3949 855 3984 v.
874 3937 890 3985 9
905 3935 934 3986 et
950 3937 982 3986 10
996 3934 1055 3986 tarn
1070 3933 1176 3986 certam
1190 3931 1338 3986 vetustatis
1352 3933 1447 3986 notam

302 4020 390 4076 oculis
404 4017 520 4076 intueris
535 4021 567 4074 nt
585 4020 621 4074 de
639 4020 721 4090 lapsu
740 4020 841 4090 scalpri
856 4037 968 4090 prorsus
982 4037 1103 4090 nequeas
1118 4037 1173 4075 non
1188 4019 1320 4090 oogItare.
1346 4021 1447 4076 Aerem
1553 3999 1554 4088 ,

302 4109 412 4163 tabulas
438 4110 467 4164 in
491 4110 544 4164 bac
568 4126 667 4164 caussa
685 4126 781 4164 omnes
800 4109 895 4178 mitto,
920 4112 951 4163 ut
973 4110 1002 4164 in
1022 4109 1122 4177 quibus
1141 4107 1290 4178 singularis
1308 4107 1446 4164 incidendi

302 4197 452 4254 difficultas
474 4215 601 4254 normam
624 4199 758 4254 usitatam
782 4198 939 4254 litterarum
962 4199 1145 4270 plurimarum
1168 4196 1295 4268 plurimis
1314 4195 1445 4266 exemplis

302 4287 444 4342 destituat.
470 4287 573 4343 Verum
589 4307 603 4343 e
618 4288 737 4359 lapideis
752 4288 939 4344 monumentis
953 4305 1008 4343 non
1022 4287 1092 4342 mihi
1106 4290 1231 4358 tempero
1246 4285 1313 4356 quin
1327 4285 1445 4340 maxime

302 4375 483 4431 memorabile
502 4376 549 4431 hic
567 4377 716 4448 adponam,
735 4377 809 4446 quod
829 4380 872 4432 est
885 4377 1019 4432 fastorum
1034 4376 1246 4447 triumphalium
1261 4375 1445 4444 fragmentum

303 4465 339 4521 ad
358 4482 444 4520 annos
464 4471 523 4520 Μ.
544 4474 594 4521 732
619 4468 773 4536 pertinens,
802 4465 907 4522 editum
927 4484 943 4521 a
963 4465 1081 4520 Marinio
1102 4466 1131 4520 in
1150 4465 1227 4519 Actis
1253 4463 1329 4522 Iratr.
1351 4463 1443 4518 Arsai.
