3116 5066
204 391 357 440 vocatus
381 391 587 438 GEMINATAE
610 391 654 438 ET
678 391 708 438 L.
727 389 852 439 Acctvs
876 391 1134 440 GRAMMATIGVS.
1182 375 1243 438 155

121 531 251 599 baramm
276 535 442 620 regionum
472 535 520 600 vel
548 535 758 620 neglegenter
784 533 944 600 factorum
971 536 1139 600 titulorum
1171 559 1244 620 sup·

118 644 228 722 petunt:
252 665 315 727 quo
334 644 423 708 velut
440 640 633 708 MARIINV
635 639 658 706 S
680 641 822 726 pertinet
844 643 876 708 in
892 641 1086 708 Gruteriana
1108 665 1139 727 p.
1157 643 1245 726 90,4

120 745 159 828 lC.
175 748 197 814 Ι.
215 749 249 814 L.
272 749 365 833 Hl,1
389 772 421 816 n.
444 749 552 834 1005]‚
577 749 627 814 vel
652 745 966 814 SANCTISSIMIIS
990 772 1020 833 p.
1039 749 1128 832 62,8
1154 746 1202 830 [Ο.
1222 748 1246 814 l.

118 853 144 917 L.
164 855 261 939 vl,1
292 879 324 920 n.
347 857 442 941 6291,
481 857 537 921 ubi
572 856 751 940 simplicem
788 855 931 920 vocalem
963 855 1072 942 Pighii
1110 855 1246 921 schedae

116 961 279 1046 prodidere,
311 963 363 1028 vel
398 964 464 1029 alia
492 964 545 1028 vir
577 963 676 1049 digna
708 965 889 1028 memoratu
921 967 958 1028 ut
990 967 1100 1046 aperte
1129 961 1246 1028 vitiosa

116 1066 393 1136 MAXSIIMINVS
416 1068 701 1136 PIENTISSIIMI
725 1070 802 1136 ibid.
826 1091 857 1153 p.
872 1069 924 1153 94,
941 1069 982 1134 10
1007 1069 1121 1151 [lnscr.
1143 1068 1246 1134 Rhcn.

116 1173 231 1242 Bramb.
253 1199 282 1242 ιι.
304 1177 415 1258 1784].
449 1177 521 1261 733,
537 1179 573 1241 11
601 1175 650 1259 [Ο.
669 1177 693 1242 Ι.
713 1176 746 1242 L.
770 1175 803 1241 II
826 1199 858 1242 n.
877 1177 988 1258 3307}
1035 1174 1168 1242 Cessare
1193 1199 1257 1242 aua

116 1294 172 1346 tem
202 1289 250 1349 sat
282 1284 442 1368 frequenti
475 1305 563 1348 more
595 1286 727 1367 recepta
758 1281 804 1347 ΕΙ
837 1282 999 1367 scripture
1029 1286 1099 1348 turn
1132 1283 1247 1368 coepit,

116 1411 177 1453 curn
210 1413 320 1455 mrsus
357 1413 443 1457 nova
478 1391 625 1456 doctriua
663 1390 948 1474 grammaticorum
992 1390 1143 1474 invaluit,
1184 1413 1248 1476 qua

116 1487 304 1562 iubereturl
333 1497 426 1580 lorsqu
456 1495 618 1580 usurpari,
650 1499 829 1560 ceterarum
858 1497 965 1560 autem
989 1495 1150 1561 vocalium
1173 1519 1246 1581 pro-

116 1601 210 1668 ductio
232 1605 330 1686 apice,
354 1625 449 1689 quem
472 1609 628 1669 accentum
651 1602 841 1687 vocitamus,
864 1603 981 1669 notari.
1014 1602 1107 1680 Quod
1124 1604 1247 1670 factum
1262 1623 1287 1661 ³2

117 1714 158 1774 est
187 1710 268 1776 circa
294 1711 333 1776 D.
358 1711 500 1797 Augusti
532 1715 693 1796 tempora:
732 1731 769 1774 eo
800 1715 908 1774 autem
937 1710 1135 1775 enucleatius
1168 1711 1247 1776 olim

116 1815 340 1902 disceptandum
366 1818 442 1901 crit,
466 1840 529 1902 quo
548 1819 622 1902 plus
645 1817 798 1882 utilitatis
822 1839 860 1882 ex
885 1839 923 1882 eo
943 1817 1049 1902 capite
1067 1819 1153 1882 recte
1177 1839 1247 1901 per·

116 1925 240 1990 tractato
262 1927 295 1990 in
319 1924 530 2012 gravissimas
554 1924 711 2009 quasdam
734 1927 844 2008 partes
869 1923 1099 2009 grammaticae
1126 1923 1247 1988 latinae

117 2030 353 2096 redundaturum
381 2036 440 2096 est.
491 2030 598 2117 Atque
627 2031 680 2096 hic
709 2037 759 2097 est
790 2032 845 2096 ille
872 2053 962 2115 oper,
995 2031 1086 2096 cuius
1113 2031 1248 2097 mentio·

117 2156 181 2200 nem
199 2159 267 2203 cum
286 2139 446 2203 vocalium
467 2138 687 2224 geminatione
705 2137 942 2214 Quinctilianus
962 2137 1101 2203 Scaurus
1116 2137 1248 2224 Longus

118 2244 236 2309 sociant.
287 2245 431 2322 Quorum
463 2244 525 2310 hos
557 2246 623 2310 iam
657 2267 727 2310 esse
759 2245 960 2311 intellectum
992 2245 1118 2311 confido
1151 2246 1248 2331 longe

118 2349 287 2436 diligentius
318 2353 357 2417 de
387 2351 560 2437 geminatis
592 2351 759 2418 vocalibus
783 2374 878 2437 quam
903 2351 1158 2429 Quinctilianum
1182 2356 1247 2418 tra-

118 2457 236 2524 didisse:
259 2460 312 2545 qui
332 2481 429 2544 quam
453 2481 518 2524 non
538 2459 683 2525 curiosus
702 2459 817 2524 harum
837 2481 944 2524 rerum
963 2461 1125 2524 scrutator
1143 2457 1249 2542 luerit,

118 2565 160 2628 vel
187 2565 258 2632 hinc
285 2570 423 2651 apparet
451 2566 535 2650 quod
563 2587 628 2630 non
657 2565 849 2649 locupletior
882 2564 976 2630 testis
1006 2564 1045 2630 de
1073 2585 1249 2632 consonan-

119 2671 190 2736 tium
211 2673 428 2758 geminatione
452 2672 588 2738 exstitit.
622 2671 708 2738 Nam
731 2672 815 2736 hanc
839 2693 911 2736 cum
939 2671 974 2734 in
1001 2673 1248 2737 consonanti-

119 2777 178 2842 bus
200 2781 386 2862 omnibus,
409 2779 508 2844 etiarn
527 2781 626 2842 mutis
645 2778 858 2863 quibuslibet,
881 2778 1067 2863 ignoratam
1086 2799 1155 2842 esse
1174 2783 1249 2844 ante

119 2885 325 2967 geminandi
350 2889 543 2951 auctorem
567 2885 732 2950 Enniam
756 2905 829 2950 cum
853 2885 1026 2969 scriptores
1046 2885 1250 2952 consentiant

119 2997 178 3054 tum
210 3000 417 3059 monumenta
449 2993 602 3078 clament,
634 2996 743 3057 tamen
770 2991 826 3056 ille
854 2993 893 3058 de
920 2993 993 3056 unis
1022 2992 1250 3060 seruivocclibus

120 3098 357 3179 geminationem
391 3100 471 3166 olim
504 3099 684 3184 aspernatis
715 3099 867 3183 loquitur.
912 3097 1056 3164 Videant
1087 3099 1187 3184 igitur
1215 3101 1249 3165 in

120 3205 282 3292 posterum,
314 3207 406 3272 cuius
436 3229 471 3271 se
499 3205 574 3271 fidei
607 3205 808 3290 mancipent,
840 3205 896 3290 qui
928 3205 1080 3270 nimirum
1107 3205 1250 3273 Livianis

120 3307 265 3378 illecebris
288 3313 412 3378 talibus
441 3313 551 3378 oculos
579 3315 707 3378 nostros
736 3311 872 3377 delinire
900 3311 1041 3376 animum
1066 3311 1251 3377 induxerint
1350 3367 1358 3380 .

121 3416 205 3483 valde
225 3420 370 3486 ridicule:

159 3523 220 3590 Aut
239 3551 324 3594 nunc
347 3526 513 3612 quaipiam
532 3525 597 3592 alia
619 3528 670 3590 tce
694 3525 759 3591 iloo
776 3524 962 3590 Asiaaticoo
987 3528 1124 3590 omctnu
1147 3527 1249 3593 fluens

159 3629 218 3696 Aut
239 3635 439 3702 Sardiaauco
464 3655 502 3698 ac
524 3631 670 3699 Luudioo
693 3633 822 3718 fulgens
845 3632 979 3698 dccoore
1003 3635 1036 3698 et
1058 3631 1218 3718 glooriaa:

122 3742 265 3819 quomodo
289 3764 330 3808 ne
355 3740 488 3807 Accium
513 3740 642 3826 quidem
666 3739 833 3824 scripsisse
858 3761 932 3804 mox
956 3739 1177 3824 perspicietur.

199 3843 344 3915 Ceterum
364 3848 449 3914 hunc
468 3847 541 3933 quis
560 3847 676 3932 credet,
695 3850 868 3931 postquam
887 3846 988 3911 semel
1007 3845 1047 3910 ad
1068 3846 1129 3910 hoc
1148 3865 1250 3930 genus

122 3950 247 4021 animum
270 3979 364 4022 suum
389 3955 578 4041 applicavit,
601 3955 634 4019 in
653 3954 813 4020 vocalium
833 3954 994 4037 scriptura
1012 3953 1070 4017 illa
1089 3951 1251 4018 suadenda

122 4058 304 4140 acquievisse
327 4084 387 4128 nec
405 4063 445 4128 ad
469 4063 620 4146 aliomm,
648 4083 731 4146 quae
754 4060 917 4126 emendari
940 4081 1034 4144 posse
1057 4057 1251 4145 viderentur,

122 4165 363 4235 emendationem
386 4189 594 4254 progressum
614 4168 708 4233 esse?
732 4167 817 4252 quod
836 4166 965 4252 quidem
984 4166 1017 4230 in
1032 4165 1166 4232 Accium
1184 4189 1251 4232 non

123 4270 215 4335 minus
240 4298 336 4360 quam
364 4277 398 4341 in
425 4275 583 4342 Lucilium
615 4275 728 4341 cadere
756 4273 840 4339 volo.
885 4273 999 4358 Itaque
1025 4275 1250 4357 percommode

123 4378 151 4436 et
171 4398 376 4482 magua-cum
401 4381 632 4466 probabilitate
651 4381 691 4448 ad
711 4381 846 4446 eundem
862 4379 995 4445 Accium
1018 4379 1146 4464 referes,
1168 4403 1250 4465 quae

124 4483 273 4564 peridem
301 4489 369 4554 fere
398 4493 525 4574 tempus
554 4489 584 4554 h.
609 4511 635 4553 e.
664 4487 749 4553 circa
779 4507 898 4551 annum
927 4485 992 4552 620
1022 4491 1147 4554 mutata
1180 4510 1250 4553 essa
