3246 5082
836 1217 887 1300 X.

306 1377 359 1460 Dc
386 1376 582 1460 fictilibus
610 1375 806 1459 litteratis
833 1375 1063 1461 Latinorum
1090 1377 1424 1480 antiquissimis*)

542 1555 690 1624 (accedunt
707 1554 779 1609 duae
798 1553 912 1609 tabulae
931 1553 1195 1626 lithographac**)).

747 1893 925 1961 GAPVT
961 1895 986 1963 Ι.

266 2059 279 2098 ³
383 2039 543 2106 Saturni
571 2060 690 2104 nomen
713 2041 842 2103 constat
863 2042 987 2104 veteres
1010 2040 1132 2125 partim
1160 2064 1179 2105 a
1203 2043 1288 2106 satu
1318 2041 1441 2125 partim

294 2144 551 2214 araturando
580 2144 724 2208 duxisse:
753 2165 812 2209 nec
841 2143 926 2210 anim
949 2145 1067 2232 dignae
1094 2147 1240 2231 profecto
1263 2147 1298 2212 in
1322 2147 1442 2232 quibus

292 2255 428 2320 haereas
452 2252 709 2338 nugivendorum
733 2252 933 2336 quorundam
952 2253 1222 2319 hallucinationes
1244 2254 1334 2319 velut
1352 2256 1442 2334 παρὰ

293 2365 352 2444 τὴν
375 2361 473 2441 <oenc
501 2359 585 2444 apud
612 2357 815 2425 Macrobium
842 2357 908 2424 Sat.
931 2357 961 2443 Ι,
980 2361 1014 2444 8,
1032 2362 1066 2444 9,
1097 2361 1149 2428 vel
1181 2361 1285 2447 ‘quasi
1313 2383 1441 2427 sacrum

293 2467 385 2537 νοῦν’
409 2471 465 2534 aut
488 2467 642 2532 ‘satorem
666 2463 757 2530 voov’
786 2465 871 2550 apud
897 2463 1106 2552 Fulgentium
1130 2465 1235 2552 Myth.
1257 2467 1284 2552 1,
1301 2468 1335 2551 2,
1358 2489 1441 2552 quae

293 2575 454 2642 Platonici
476 2575 512 2640 in
535 2570 666 2656 Gratylo
689 2595 720 2657 p.
743 2572 814 2637 l9b
837 2573 875 2637 de
900 2572 985 2655 κόρῳ
1009 2570 1056 2659 (h.
1070 2595 1096 2640 e.
1116 2579 1254 2658 καθαρῷ,
1277 2571 1440 2658 ἀκηράτῳ)

292 2688 351 2750 τοῦ
374 2685 433 2748 voa
457 2680 575 2746 somnii
603 2677 905 2744 commonefaciunt.
950 2679 999 2744 Ac
1026 2679 1146 2763 prioris
1174 2680 1304 2765 quidem
1327 2683 1440 2746 auctor

292 2789 470 2858 notationis
493 2785 536 2850 M.
550 2785 654 2851 Varro
677 2807 744 2852 non
769 2786 949 2851 subsistens
972 2787 1006 2851 in
1029 2789 1169 2873 simplici
1194 2809 1346 2873 agrorum
1365 2809 1436 2853 con·

294 2895 500 2963 serendorum
525 2892 763 2958 consitorumve
784 2892 916 2958 notione
939 2893 1039 2959 latius
1062 2899 1173 2979 patere
1193 2916 1312 2960 noman
1334 2893 1441 2960 voluit

294 3006 327 3068 et
354 3001 395 3068 ad
422 2999 603 3066 seminandi
632 2998 870 3084 generandique
901 2999 967 3064 vim
995 3005 1141 3086 spectare
1171 3000 1280 3068 telluri
1307 3022 1440 3087 operan-

294 3165 439 3174 ,.-.-----
462 3164 469 3172 ι

383 3247 409 3317 *)
430 3248 625 3318 [Programma
643 3243 834 3300 academicum
852 3247 997 3302 Bonnense
1020 3247 1087 3303 anni
1108 3253 1175 3304 1853
1199 3247 1239 3303 sic
1261 3247 1439 3319 inscriptum:

294 3335 449 3394 ‘Natalicia
462 3331 662 3406 sagacissimi
678 3333 763 3405 Regis
777 3334 911 3391 Friderici
926 3333 1058 3392 Guilelmi
1072 3337 1125 3392 Illi
1144 3338 1189 3393 die
1203 3339 1252 3394 XV
1262 3357 1299 3393 m.
1310 3337 1439 3394 Octobris

292 3443 318 3481 a.
338 3424 562 3482 o1o1ococn1n
581 3422 802 3478 concelebranda
820 3423 921 3480 indica
938 3425 968 3482 s.
988 3425 1021 3481 a.
1056 3425 1214 3481 Praemisso
1232 3428 1276 3482 esc
1293 3427 1329 3482 a
1346 3409 1439 3482 ficuu-

294 3517 345 3570 bus
363 3512 497 3569 litteratis
510 3511 673 3568 Latinorum
691 3513 893 3583 antiquissimis
911 3513 1084 3585 disputatio)
1114 3515 1289 3587 Bibliopolas
1303 3513 1438 3572 traditum

293 3602 398 3676 prodiit
415 3602 595 3673 inscriptione
618 3602 659 3658 sic
678 3605 800 3659 mutata:
830 3604 882 3660 ‘Dc
901 3603 1035 3659 fictilibus
1057 3603 1191 3660 litteratis
1210 3605 1372 3660 Latinorum
1390 3623 1439 3661 an·

293 3691 458 3762 tiquissimis
476 3689 651 3762 quaestiones
669 3691 870 3764 grammaticae
884 3693 914 3748 1⁴¹.
930 3691 1085 3748 Ritschclii.
1108 3693 1225 3749 Accedit
1237 3695 1336 3750 tabula
1350 3695 1439 3766 lapidi

293 3781 388 3837 incisa.
422 3779 546 3836 Berolini
564 3780 639 3850 apud
657 3780 689 3834 T.
705 3780 864 3836 Trautwein
884 3781 914 3850 (Ι.
930 3780 1116 3851 octonum!
1143 3781 1216 3836 Vide
1234 3800 1307 3838 nunc
1327 3782 1356 3840 C.
1370 3785 1390 3838 Ι.
1405 3785 1437 3840 L.

293 3871 351 3926 ln.
366 3873 486 3935 43-5o;
503 3868 534 3925 P.
552 3867 583 3922 L.
602 3867 639 3923 M.
659 3869 690 3924 E.
710 3870 767 3926 tab.
781 3871 807 3925 X
826 3872 855 3926 at
873 3871 969 3926 Enarr.
988 3889 1015 3942 p.
1032 3878 1065 3926 14
1080 3889 1120 3942 sq.
1140 3873 1170 3927 et
1188 3878 1247 3927 101.
1286 3871 1315 3928 C.
1330 3871 1387 3943 W.]

364 3958 405 4028 **)
426 3957 548 4030 [Tabula
565 3959 603 4014 IX
631 3959 727 4014 eadem
754 3963 797 4014 est
821 3963 905 4030 atquc
928 3976 1000 4030 quae
1026 3959 1091 4017 hnic
1115 3961 1345 4017 commentationi
1370 3961 1438 4016 olim

293 4047 403 4102 adnexa
419 4046 486 4114 fuit3
513 4065 547 4104 ea
560 4048 663 4104 iterum
682 4047 758 4103 edita
777 4051 820 4104 est
838 4049 868 4104 P.
883 4049 913 4105 L.
923 4049 961 4106 M.
971 4049 1002 4106 E.
1023 4051 1081 4106 tab.
1092 4051 1125 4118 ll,
1144 4051 1439 4121 praeterquamquod,

294 4153 365 4206 quaa
379 4137 408 4192 in
427 4153 460 4191 ea
478 4135 613 4193 litterae
631 4135 790 4208 significata
808 4139 870 4192 erat
887 4137 1038 4194 delineatio
1064 4139 1132 4196 satis
1150 4139 1256 4210 raptim
1274 4139 1440 4210 consignata

296 4225 414 4281 ‘Belolai
437 4227 590 4296 pocolom'‚
612 4226 653 4282 ibi
676 4241 757 4282 erasa
779 4229 834 4295 est,
859 4225 889 4280 in
912 4227 991 4283 cuius
1009 4228 1102 4286 locum
1121 4228 1278 4286 accuratior
1295 4227 1390 4300 imago
1408 4229 1439 4284 in

293 4315 392 4371 tabula
409 4315 447 4369 xl
467 4314 617 4370 substituta
635 4317 686 4370 ost.
724 4313 830 4370 Idcirco
848 4315 920 4370 hanc
939 4319 1049 4385 quoque
1068 4317 1194 4371 tabulam
1213 4317 1274 4386 (XI)
1294 4317 1323 4370 in
1341 4319 1440 4374 nostra

294 4403 458 4459 collectione
477 4421 503 4458 n.
516 4403 544 4460 X
562 4402 702 4474 signatam
722 4402 830 4472 addidi;
858 4403 923 4460 vide
945 4403 1019 4460 inira
1040 4403 1070 4460 in
1094 4405 1147 4463 fine
1166 4404 1247 4462 huius
1268 4407 1438 4462 commenta·

294 4492 379 4554 tionis
398 4489 516 4548 adiecta.
553 4491 583 4548 C.
596 4492 655 4564 W‚]
