<?xml version="1.0" encoding="UTF-8"?>
<!DOCTYPE html PUBLIC "-//W3C//DTD XHTML 1.0 Transitional//EN"
    "http://www.w3.org/TR/xhtml1/DTD/xhtml1-transitional.dtd">
<html xmlns="http://www.w3.org/1999/xhtml" xml:lang="en" lang="en">
 <head>
  <title>
</title>
<meta http-equiv="Content-Type" content="text/html;charset=utf-8" />
  <meta name='ocr-system' content='tesseract 3.04.00' />
  <meta name='ocr-capabilities' content='ocr_page ocr_carea ocr_par ocr_line ocrx_word'/>
</head>
<body>
  <div class='ocr_page' id='page_1' title='image "./fridericiritsch08wachgoog/fridericiritsch08wachgoog_0301.png"; bbox 0 0 3246 5082; ppageno 0'>
   <div class='ocr_carea' id='block_1_1' title="bbox 300 333 1121 400">
    <p class='ocr_par' dir='ltr' id='par_1_1' title="bbox 300 333 1121 400">
     <span class='ocr_line' id='line_1_1' title="bbox 300 333 1121 400; baseline 0 -2"><span class='ocrx_word' id='word_1_1' title='bbox 300 333 365 398; x_wconf 75' lang='lat'>276</span> <span class='ocrx_word' id='word_1_2' title='bbox 616 350 664 397; x_wconf 81' lang='lat' dir='ltr'>nu</span> <span class='ocrx_word' id='word_1_3' title='bbox 689 349 885 400; x_wconf 76' lang='lat' dir='ltr'>rrc&#39;rmrsvs</span> <span class='ocrx_word' id='word_1_4' title='bbox 909 349 1121 398; x_wconf 76' lang='lat' dir='ltr'>mrrnnnrrs</span> 
     </span>
    </p>
   </div>
   <div class='ocr_carea' id='block_1_2' title="bbox 299 490 1596 664">
    <p class='ocr_par' dir='ltr' id='par_1_2' title="bbox 299 490 1596 664">
     <span class='ocr_line' id='line_1_2' title="bbox 300 490 1596 580; baseline -0.001 -24"><span class='ocrx_word' id='word_1_5' title='bbox 300 490 397 558; x_wconf 80' lang='lat' dir='ltr'>‘hem’</span> <span class='ocrx_word' id='word_1_6' title='bbox 420 493 595 577; x_wconf 87' lang='lat' dir='ltr'>particula,</span> <span class='ocrx_word' id='word_1_7' title='bbox 618 493 783 557; x_wconf 80' lang='lat' dir='ltr'>omissae</span> <span class='ocrx_word' id='word_1_8' title='bbox 805 491 956 558; x_wconf 88' lang='lat' dir='ltr'>Bembini</span> <span class='ocrx_word' id='word_1_9' title='bbox 984 491 1102 556; x_wconf 89' lang='lat' dir='ltr'>codicis</span> <span class='ocrx_word' id='word_1_10' title='bbox 1125 512 1224 556; x_wconf 87' lang='lat' dir='ltr'>manu</span> <span class='ocrx_word' id='word_1_11' title='bbox 1246 491 1366 574; x_wconf 88' lang='lat' dir='ltr'>prima,</span> <span class='ocrx_word' id='word_1_12' title='bbox 1394 495 1443 555; x_wconf 83' lang='lat' dir='ltr'>ta-</span> <span class='ocrx_word' id='word_1_13' title='bbox 1467 498 1477 514; x_wconf 87' lang='grc'><em>“</em></span> <span class='ocrx_word' id='word_1_14' title='bbox 1595 567 1596 580; x_wconf 19' lang='lat'>¹</span> 
     </span>
     <span class='ocr_line' id='line_1_3' title="bbox 299 598 1596 664; baseline 0 -2"><span class='ocrx_word' id='word_1_15' title='bbox 299 598 364 663; x_wconf 92' lang='lat' dir='ltr'>lem</span> <span class='ocrx_word' id='word_1_16' title='bbox 388 619 517 664; x_wconf 86' lang='lat' dir='ltr'>versum</span> <span class='ocrx_word' id='word_1_17' title='bbox 540 598 662 664; x_wconf 82' lang='lat' dir='ltr'>ederet:</span> <span class='ocrx_word' id='word_1_18' title='bbox 1595 607 1596 616; x_wconf 75' lang='grc'>’</span> 
     </span>
    </p>
   </div>
   <div class='ocr_carea' id='block_1_3' title="bbox 300 738 1443 824">
    <p class='ocr_par' dir='ltr' id='par_1_3' title="bbox 300 738 1443 824">
     <span class='ocr_line' id='line_1_4' title="bbox 300 738 1443 824; baseline -0.002 -18"><span class='ocrx_word' id='word_1_19' title='bbox 300 739 460 824; x_wconf 76' lang='lat' dir='ltr'>(lapiebat</span> <span class='ocrx_word' id='word_1_20' title='bbox 478 740 600 806; x_wconf 88' lang='lat' dir='ltr'>statim.</span> <span class='ocrx_word' id='word_1_21' title='bbox 623 741 707 824; x_wconf 89' lang='lat' dir='ltr'>hem,</span> <span class='ocrx_word' id='word_1_22' title='bbox 725 739 775 805; x_wconf 89' lang='lat' dir='ltr'>uir</span> <span class='ocrx_word' id='word_1_23' title='bbox 794 740 865 805; x_wconf 92' lang='lat' dir='ltr'>uiro</span> <span class='ocrx_word' id='word_1_24' title='bbox 884 739 960 824; x_wconf 89' lang='lat' dir='ltr'>quid</span> <span class='ocrx_word' id='word_1_25' title='bbox 979 738 1145 822; x_wconf 74' lang='lat' dir='ltr'>praestat?</span> <span class='ocrx_word' id='word_1_26' title='bbox 1173 739 1287 804; x_wconf 92' lang='lat' dir='ltr'>Binan’</span> <span class='ocrx_word' id='word_1_27' title='bbox 1302 739 1443 823; x_wconf 73' lang='lat' dir='ltr'>quaeso?</span> 
     </span>
    </p>
   </div>
   <div class='ocr_carea' id='block_1_4' title="bbox 298 881 1447 1802">
    <p class='ocr_par' dir='ltr' id='par_1_4' title="bbox 298 881 1447 1802">
     <span class='ocr_line' id='line_1_5' title="bbox 299 881 1443 966; baseline 0.001 -21"><span class='ocrx_word' id='word_1_28' title='bbox 299 901 375 946; x_wconf 88' lang='lat' dir='ltr'>nam</span> <span class='ocrx_word' id='word_1_29' title='bbox 399 881 497 946; x_wconf 86' lang='lat' dir='ltr'>etiam</span> <span class='ocrx_word' id='word_1_30' title='bbox 516 905 593 948; x_wconf 89' lang='lat' dir='ltr'>casu</span> <span class='ocrx_word' id='word_1_31' title='bbox 612 881 682 947; x_wconf 92' lang='lat' dir='ltr'>solo</span> <span class='ocrx_word' id='word_1_32' title='bbox 702 905 721 947; x_wconf 87' lang='lat' dir='ltr'>a</span> <span class='ocrx_word' id='word_1_33' title='bbox 739 882 885 966; x_wconf 84' lang='lat' dir='ltr'>principe</span> <span class='ocrx_word' id='word_1_34' title='bbox 903 881 1038 946; x_wconf 84' lang='lat' dir='ltr'>librario</span> <span class='ocrx_word' id='word_1_35' title='bbox 1057 881 1287 965; x_wconf 87' lang='lat' dir='ltr'>praetermissa</span> <span class='ocrx_word' id='word_1_36' title='bbox 1306 883 1443 948; x_wconf 85' lang='lat' dir='ltr'>secunda</span> 
     </span>
     <span class='ocr_line' id='line_1_6' title="bbox 298 988 1443 1071; baseline 0.001 -18"><span class='ocrx_word' id='word_1_37' title='bbox 298 989 332 1054; x_wconf 91' lang='lat' dir='ltr'>in</span> <span class='ocrx_word' id='word_1_38' title='bbox 366 989 423 1055; x_wconf 92' lang='lat' dir='ltr'>illo</span> <span class='ocrx_word' id='word_1_39' title='bbox 453 990 536 1056; x_wconf 90' lang='lat' dir='ltr'>libro</span> <span class='ocrx_word' id='word_1_40' title='bbox 569 1013 683 1056; x_wconf 87' lang='lat' dir='ltr'>manus</span> <span class='ocrx_word' id='word_1_41' title='bbox 717 990 841 1054; x_wconf 88' lang='lat' dir='ltr'>addidit</span> <span class='ocrx_word' id='word_1_42' title='bbox 872 989 958 1053; x_wconf 89' lang='lat' dir='ltr'>haud</span> <span class='ocrx_word' id='word_1_43' title='bbox 991 988 1070 1054; x_wconf 87' lang='lat' dir='ltr'>adeo</span> <span class='ocrx_word' id='word_1_44' title='bbox 1102 1010 1214 1071; x_wconf 86' lang='lat' dir='ltr'>pauca.</span> <span class='ocrx_word' id='word_1_45' title='bbox 1264 989 1293 1054; x_wconf 89' lang='lat' dir='ltr'><strong>A</strong></span> <span class='ocrx_word' id='word_1_46' title='bbox 1321 989 1443 1056; x_wconf 87' lang='lat' dir='ltr'>talibus</span> 
     </span>
     <span class='ocr_line' id='line_1_7' title="bbox 299 1095 1444 1182; baseline -0.002 -20"><span class='ocrx_word' id='word_1_47' title='bbox 299 1095 400 1181; x_wconf 86' lang='lat' dir='ltr'>igitur</span> <span class='ocrx_word' id='word_1_48' title='bbox 428 1096 598 1180; x_wconf 85' lang='lat' dir='ltr'>exemplis,</span> <span class='ocrx_word' id='word_1_49' title='bbox 632 1097 739 1182; x_wconf 63' lang='lat' dir='ltr'>quale,</span> <span class='ocrx_word' id='word_1_50' title='bbox 753 1095 816 1162; x_wconf 87' lang='lat' dir='ltr'>hoc</span> <span class='ocrx_word' id='word_1_51' title='bbox 845 1100 896 1162; x_wconf 89' lang='lat' dir='ltr'>est</span> <span class='ocrx_word' id='word_1_52' title='bbox 919 1095 1149 1160; x_wconf 72' lang='lat' dir='ltr'>Terentianum</span> <span class='ocrx_word' id='word_1_53' title='bbox 1175 1101 1207 1161; x_wconf 90' lang='lat' dir='ltr'>et</span> <span class='ocrx_word' id='word_1_54' title='bbox 1229 1097 1309 1160; x_wconf 94' lang='lat' dir='ltr'>illud</span> <span class='ocrx_word' id='word_1_55' title='bbox 1332 1097 1444 1160; x_wconf 87' lang='lat' dir='ltr'>Accia-</span> 
     </span>
     <span class='ocr_line' id='line_1_8' title="bbox 298 1203 1445 1288; baseline 0.002 -22"><span class='ocrx_word' id='word_1_56' title='bbox 298 1225 389 1288; x_wconf 86' lang='lat' dir='ltr'>num,</span> <span class='ocrx_word' id='word_1_57' title='bbox 418 1203 581 1287; x_wconf 87' lang='lat' dir='ltr'>profectos</span> <span class='ocrx_word' id='word_1_58' title='bbox 610 1226 680 1268; x_wconf 89' lang='lat' dir='ltr'>esse</span> <span class='ocrx_word' id='word_1_59' title='bbox 709 1203 859 1268; x_wconf 80' lang='lat' dir='ltr'>credibile</span> <span class='ocrx_word' id='word_1_60' title='bbox 888 1207 938 1268; x_wconf 87' lang='lat' dir='ltr'>est</span> <span class='ocrx_word' id='word_1_61' title='bbox 966 1203 1034 1288; x_wconf 89' lang='lat' dir='ltr'>qui,</span> <span class='ocrx_word' id='word_1_62' title='bbox 1065 1203 1121 1268; x_wconf 88' lang='lat' dir='ltr'>ubi</span> <span class='ocrx_word' id='word_1_63' title='bbox 1149 1203 1281 1288; x_wconf 81' lang='lat' dir='ltr'>longam</span> <span class='ocrx_word' id='word_1_64' title='bbox 1308 1203 1445 1268; x_wconf 87' lang='lat' dir='ltr'>haberet</span> 
     </span>
     <span class='ocr_line' id='line_1_9' title="bbox 298 1307 1445 1395; baseline 0 -21"><span class='ocrx_word' id='word_1_65' title='bbox 298 1310 532 1394; x_wconf 74' lang='lat' dir='ltr'>paenultimam</span> <span class='ocrx_word' id='word_1_66' title='bbox 561 1311 710 1395; x_wconf 81' lang='lat' dir='ltr'>statim,</span> <span class='ocrx_word' id='word_1_67' title='bbox 737 1333 802 1376; x_wconf 91' lang='lat' dir='ltr'>non</span> <span class='ocrx_word' id='word_1_68' title='bbox 826 1309 1009 1395; x_wconf 83' lang='lat' dir='ltr'>significare</span> <span class='ocrx_word' id='word_1_69' title='bbox 1033 1307 1144 1393; x_wconf 73' lang='lat' dir='ltr'>‘ilico&#39;‚</span> <span class='ocrx_word' id='word_1_70' title='bbox 1176 1308 1233 1373; x_wconf 88' lang='lat' dir='ltr'>sed</span> <span class='ocrx_word' id='word_1_71' title='bbox 1257 1309 1388 1375; x_wconf 74' lang='lat' dir='ltr'>‘statute</span> <span class='ocrx_word' id='word_1_72' title='bbox 1411 1313 1445 1374; x_wconf 90' lang='lat' dir='ltr'>et</span> 
     </span>
     <span class='ocr_line' id='line_1_10' title="bbox 299 1415 1444 1502; baseline -0.001 -22"><span class='ocrx_word' id='word_1_73' title='bbox 299 1415 458 1500; x_wconf 88' lang='lat' dir='ltr'>ordinate,</span> <span class='ocrx_word' id='word_1_74' title='bbox 485 1421 641 1501; x_wconf 89' lang='lat' dir='ltr'>perpetuo</span> <span class='ocrx_word' id='word_1_75' title='bbox 665 1421 698 1482; x_wconf 93' lang='lat' dir='ltr'>et</span> <span class='ocrx_word' id='word_1_76' title='bbox 720 1417 907 1502; x_wconf 86' lang='lat' dir='ltr'>aequaliter,</span> <span class='ocrx_word' id='word_1_77' title='bbox 935 1415 1190 1500; x_wconf 84' lang='lat' dir='ltr'>perseveranter&#39;</span> <span class='ocrx_word' id='word_1_78' title='bbox 1218 1421 1251 1481; x_wconf 93' lang='lat' dir='ltr'>et</span> <span class='ocrx_word' id='word_1_79' title='bbox 1278 1417 1444 1481; x_wconf 87' lang='lat' dir='ltr'>observas·</span> 
     </span>
     <span class='ocr_line' id='line_1_11' title="bbox 299 1505 1446 1608; baseline 0 -22"><span class='ocrx_word' id='word_1_80' title='bbox 299 1525 427 1586; x_wconf 85' lang='lat' dir='ltr'>santet</span> <span class='ocrx_word' id='word_1_81' title='bbox 454 1505 614 1588; x_wconf 79' lang='lat' dir='ltr'>docerent.</span> <span class='ocrx_word' id='word_1_82' title='bbox 660 1525 768 1608; x_wconf 84' lang='lat' dir='ltr'>Atque</span> <span class='ocrx_word' id='word_1_83' title='bbox 796 1545 868 1588; x_wconf 88' lang='lat' dir='ltr'>eam</span> <span class='ocrx_word' id='word_1_84' title='bbox 895 1521 1076 1588; x_wconf 80' lang='lat' dir='ltr'>doctrinam</span> <span class='ocrx_word' id='word_1_85' title='bbox 1104 1545 1237 1606; x_wconf 88' lang='lat' dir='ltr'>prorsus</span> <span class='ocrx_word' id='word_1_86' title='bbox 1265 1523 1446 1606; x_wconf 87' lang='lat' dir='ltr'>confirmat,</span> 
     </span>
     <span class='ocr_line' id='line_1_12' title="bbox 300 1629 1447 1717; baseline 0.001 -24"><span class='ocrx_word' id='word_1_87' title='bbox 300 1651 395 1713; x_wconf 90' lang='lat' dir='ltr'>quem</span> <span class='ocrx_word' id='word_1_88' title='bbox 419 1629 504 1694; x_wconf 91' lang='lat' dir='ltr'>miro</span> <span class='ocrx_word' id='word_1_89' title='bbox 527 1631 645 1696; x_wconf 91' lang='lat' dir='ltr'>iudicio</span> <span class='ocrx_word' id='word_1_90' title='bbox 669 1631 814 1717; x_wconf 84' lang='lat' dir='ltr'>vulgaris</span> <span class='ocrx_word' id='word_1_91' title='bbox 837 1629 980 1696; x_wconf 88' lang='lat' dir='ltr'>notionis</span> <span class='ocrx_word' id='word_1_92' title='bbox 1003 1631 1120 1694; x_wconf 88' lang='lat' dir='ltr'>testem</span> <span class='ocrx_word' id='word_1_93' title='bbox 1139 1629 1276 1694; x_wconf 85' lang='lat' dir='ltr'>Vossius</span> <span class='ocrx_word' id='word_1_94' title='bbox 1300 1631 1447 1714; x_wconf 86' lang='lat' dir='ltr'>protulit,</span> 
     </span>
     <span class='ocr_line' id='line_1_13' title="bbox 298 1733 1372 1802; baseline -0.002 -2"><span class='ocrx_word' id='word_1_95' title='bbox 298 1735 442 1801; x_wconf 80' lang='lat' dir='ltr'>Avienus</span> <span class='ocrx_word' id='word_1_96' title='bbox 459 1737 500 1800; x_wconf 88' lang='lat' dir='ltr'>&#39;in</span> <span class='ocrx_word' id='word_1_97' title='bbox 524 1737 728 1802; x_wconf 82' lang='lat' dir='ltr'>enarratione</span> <span class='ocrx_word' id='word_1_98' title='bbox 751 1735 1003 1801; x_wconf 86' lang='lat' dir='ltr'>Phaenomenon</span> <span class='ocrx_word' id='word_1_99' title='bbox 1026 1733 1220 1798; x_wconf 87' lang='lat' dir='ltr'>Arateorum</span> <span class='ocrx_word' id='word_1_100' title='bbox 1245 1757 1274 1798; x_wconf 85' lang='lat' dir='ltr'>v.</span> <span class='ocrx_word' id='word_1_101' title='bbox 1292 1734 1372 1800; x_wconf 89' lang='lat'><strong>398:</strong></span> 
     </span>
    </p>
   </div>
   <div class='ocr_carea' id='block_1_5' title="bbox 433 1876 1307 2049">
    <p class='ocr_par' dir='ltr' id='par_1_5' title="bbox 433 1876 1307 2049">
     <span class='ocr_line' id='line_1_14' title="bbox 433 1876 1307 1962; baseline -0.003 -19"><span class='ocrx_word' id='word_1_102' title='bbox 433 1878 523 1944; x_wconf 87' lang='lat' dir='ltr'>Tune</span> <span class='ocrx_word' id='word_1_103' title='bbox 547 1879 672 1944; x_wconf 78' lang='lat' dir='ltr'>succisa</span> <span class='ocrx_word' id='word_1_104' title='bbox 695 1877 793 1944; x_wconf 81' lang='lat' dir='ltr'>Ceres</span> <span class='ocrx_word' id='word_1_105' title='bbox 816 1878 929 1942; x_wconf 90' lang='lat' dir='ltr'>statim</span> <span class='ocrx_word' id='word_1_106' title='bbox 953 1899 1025 1942; x_wconf 92' lang='lat' dir='ltr'>cum</span> <span class='ocrx_word' id='word_1_107' title='bbox 1049 1876 1185 1962; x_wconf 81' lang='lat' dir='ltr'>mergite</span> <span class='ocrx_word' id='word_1_108' title='bbox 1209 1877 1307 1940; x_wconf 92' lang='lat' dir='ltr'>culmi</span> 
     </span>
     <span class='ocr_line' id='line_1_15' title="bbox 434 1981 655 2049; baseline 0 -1"><span class='ocrx_word' id='word_1_109' title='bbox 434 1981 655 2049; x_wconf 78' lang='lat' dir='ltr'>Construitur:</span> 
     </span>
    </p>
   </div>
   <div class='ocr_carea' id='block_1_6' title="bbox 300 2123 1449 2532">
    <p class='ocr_par' dir='ltr' id='par_1_6' title="bbox 300 2123 1449 2532">
     <span class='ocr_line' id='line_1_16' title="bbox 300 2123 1448 2212; baseline -0.001 -21"><span class='ocrx_word' id='word_1_110' title='bbox 300 2125 357 2191; x_wconf 91' lang='lat' dir='ltr'>ubi</span> <span class='ocrx_word' id='word_1_111' title='bbox 380 2125 562 2212; x_wconf 88' lang='lat' dir='ltr'>manipulos</span> <span class='ocrx_word' id='word_1_112' title='bbox 587 2125 726 2210; x_wconf 80' lang='lat' dir='ltr'>cogiteri</span> <span class='ocrx_word' id='word_1_113' title='bbox 749 2130 838 2191; x_wconf 90' lang='lat' dir='ltr'>certo</span> <span class='ocrx_word' id='word_1_114' title='bbox 862 2125 974 2192; x_wconf 90' lang='lat' dir='ltr'>ordine</span> <span class='ocrx_word' id='word_1_115' title='bbox 997 2126 1182 2192; x_wconf 85' lang='lat' dir='ltr'>conlocatos</span> <span class='ocrx_word' id='word_1_116' title='bbox 1206 2135 1351 2210; x_wconf 77' lang='lat' dir='ltr'>apparet</span> <span class='ocrx_word' id='word_1_117' title='bbox 1384 2123 1448 2190; x_wconf 85' lang='lat' dir='ltr'>Sed</span> 
     </span>
     <span class='ocr_line' id='line_1_17' title="bbox 302 2232 1449 2318; baseline 0 -22"><span class='ocrx_word' id='word_1_118' title='bbox 302 2233 433 2298; x_wconf 86' lang='lat' dir='ltr'>eosdem</span> <span class='ocrx_word' id='word_1_119' title='bbox 457 2233 688 2318; x_wconf 78' lang='lat' dir='ltr'>grammaticos</span> <span class='ocrx_word' id='word_1_120' title='bbox 715 2253 808 2318; x_wconf 79' lang='lat' dir='ltr'>nego,</span> <span class='ocrx_word' id='word_1_121' title='bbox 836 2232 1029 2318; x_wconf 89' lang='lat' dir='ltr'>ubicumque</span> <span class='ocrx_word' id='word_1_122' title='bbox 1057 2232 1272 2316; x_wconf 89' lang='lat' dir='ltr'>corriperetur</span> <span class='ocrx_word' id='word_1_123' title='bbox 1299 2233 1449 2316; x_wconf 87' lang='lat' dir='ltr'>statim,</span> 
     </span>
     <span class='ocr_line' id='line_1_18' title="bbox 300 2337 1449 2425; baseline 0 -21"><span class='ocrx_word' id='word_1_124' title='bbox 300 2339 481 2405; x_wconf 84' lang='lat' dir='ltr'>necessario</span> <span class='ocrx_word' id='word_1_125' title='bbox 510 2339 617 2404; x_wconf 86' lang='lat' dir='ltr'>velere</span> <span class='ocrx_word' id='word_1_126' title='bbox 645 2337 743 2406; x_wconf 74' lang='lat' dir='ltr'>‘ilico&#39;</span> <span class='ocrx_word' id='word_1_127' title='bbox 770 2339 956 2405; x_wconf 86' lang='lat' dir='ltr'>tradidisse:</span> <span class='ocrx_word' id='word_1_128' title='bbox 994 2340 1085 2404; x_wconf 88' lang='lat' dir='ltr'>euius</span> <span class='ocrx_word' id='word_1_129' title='bbox 1117 2339 1246 2425; x_wconf 89' lang='lat' dir='ltr'>quidem</span> <span class='ocrx_word' id='word_1_130' title='bbox 1278 2361 1449 2404; x_wconf 83' lang='lat' dir='ltr'>mensurae</span> 
     </span>
     <span class='ocr_line' id='line_1_19' title="bbox 300 2445 1446 2532; baseline 0.001 -22"><span class='ocrx_word' id='word_1_131' title='bbox 300 2446 364 2511; x_wconf 91' lang='lat' dir='ltr'>fuit</span> <span class='ocrx_word' id='word_1_132' title='bbox 386 2451 523 2532; x_wconf 87' lang='lat' dir='ltr'>utraque</span> <span class='ocrx_word' id='word_1_133' title='bbox 543 2447 740 2532; x_wconf 82' lang='lat' dir='ltr'>significatio</span> <span class='ocrx_word' id='word_1_134' title='bbox 760 2447 947 2512; x_wconf 89' lang='lat' dir='ltr'>communis.</span> <span class='ocrx_word' id='word_1_135' title='bbox 980 2445 1181 2511; x_wconf 87' lang='lat' dir='ltr'>Firmissime</span> <span class='ocrx_word' id='word_1_136' title='bbox 1202 2445 1234 2509; x_wconf 93' lang='lat' dir='ltr'>id</span> <span class='ocrx_word' id='word_1_137' title='bbox 1253 2450 1446 2530; x_wconf 87' lang='lat' dir='ltr'>argumento</span> 
     </span>
    </p>
   </div>
   <div class='ocr_carea' id='block_1_7' title="bbox 300 2551 1149 2656">
    <p class='ocr_par' dir='ltr' id='par_1_7' title="bbox 300 2551 1149 2656">
     <span class='ocr_line' id='line_1_20' title="bbox 300 2551 1149 2656; baseline -0.002 -38"><span class='ocrx_word' id='word_1_138' title='bbox 300 2551 552 2637; x_wconf 83' lang='lat' dir='ltr'>Amphitruonis</span> <span class='ocrx_word' id='word_1_139' title='bbox 575 2551 631 2618; x_wconf 95' lang='lat' dir='ltr'>illo</span> <span class='ocrx_word' id='word_1_140' title='bbox 656 2574 750 2656; x_wconf 86' lang='lat' dir='ltr'>versu</span> <span class='ocrx_word' id='word_1_141' title='bbox 774 2552 976 2638; x_wconf 85' lang='lat' dir='ltr'>intellegitur</span> <span class='ocrx_word' id='word_1_142' title='bbox 999 2551 1024 2637; x_wconf 86' lang='grc' dir='ltr'>Ι,</span> <span class='ocrx_word' id='word_1_143' title='bbox 1046 2553 1073 2636; x_wconf 86' lang='grc'>1,</span> <span class='ocrx_word' id='word_1_144' title='bbox 1092 2552 1149 2617; x_wconf 83' lang='lat'>84:</span> 
     </span>
    </p>
   </div>
   <div class='ocr_carea' id='block_1_8' title="bbox 482 2689 1251 2886">
    <p class='ocr_par' dir='ltr' id='par_1_8' title="bbox 482 2689 1251 2886">
     <span class='ocr_line' id='line_1_21' title="bbox 482 2689 1230 2780; baseline 0.004 -25"><span class='ocrx_word' id='word_1_145' title='bbox 482 2689 530 2756; x_wconf 88' lang='lat' dir='ltr'>&#39;In</span> <span class='ocrx_word' id='word_1_146' title='bbox 553 2693 665 2780; x_wconf 83' lang='lat' dir='ltr'>fugam</span> <span class='ocrx_word' id='word_1_147' title='bbox 689 2695 744 2760; x_wconf 77' lang='lat' dir='ltr'>sed</span> <span class='ocrx_word' id='word_1_148' title='bbox 766 2699 876 2760; x_wconf 80' lang='lat' dir='ltr'>tamen</span> <span class='ocrx_word' id='word_1_149' title='bbox 899 2695 994 2759; x_wconf 75' lang='lat' dir='ltr'>nemo</span> <span class='ocrx_word' id='word_1_150' title='bbox 1018 2693 1230 2779; x_wconf 79' lang='lat' dir='ltr'>eonudrtitur‚</span> 
     </span>
     <span class='ocr_line' id='line_1_22' title="bbox 482 2799 1251 2886; baseline 0 -22"><span class='ocrx_word' id='word_1_151' title='bbox 482 2799 552 2864; x_wconf 78' lang='lat' dir='ltr'>Nec</span> <span class='ocrx_word' id='word_1_152' title='bbox 575 2799 697 2866; x_wconf 86' lang='lat' dir='ltr'>recedit</span> <span class='ocrx_word' id='word_1_153' title='bbox 719 2801 791 2866; x_wconf 93' lang='lat' dir='ltr'>loco</span> <span class='ocrx_word' id='word_1_154' title='bbox 815 2799 893 2886; x_wconf 86' lang='lat' dir='ltr'>quin</span> <span class='ocrx_word' id='word_1_155' title='bbox 917 2801 1030 2866; x_wconf 87' lang='lat' dir='ltr'>statim</span> <span class='ocrx_word' id='word_1_156' title='bbox 1053 2801 1122 2865; x_wconf 73' lang='lat' dir='ltr'>rem</span> <span class='ocrx_word' id='word_1_157' title='bbox 1145 2805 1251 2886; x_wconf 82' lang='lat' dir='ltr'>gerat:</span> 
     </span>
    </p>
   </div>
   <div class='ocr_carea' id='block_1_9' title="bbox 266 2941 1447 4416">
    <p class='ocr_par' dir='ltr' id='par_1_9' title="bbox 266 2941 1447 4416">
     <span class='ocr_line' id='line_1_23' title="bbox 302 2941 1446 3028; baseline 0.002 -22"><span class='ocrx_word' id='word_1_158' title='bbox 302 2942 358 3006; x_wconf 90' lang='lat' dir='ltr'>ubi</span> <span class='ocrx_word' id='word_1_159' title='bbox 382 2941 517 3006; x_wconf 90' lang='lat' dir='ltr'>creticos</span> <span class='ocrx_word' id='word_1_160' title='bbox 541 2962 692 3006; x_wconf 90' lang='lat' dir='ltr'>numeros</span> <span class='ocrx_word' id='word_1_161' title='bbox 716 2941 833 3006; x_wconf 88' lang='lat' dir='ltr'>misere</span> <span class='ocrx_word' id='word_1_162' title='bbox 857 2944 1042 3026; x_wconf 87' lang='lat' dir='ltr'>corrumpat</span> <span class='ocrx_word' id='word_1_163' title='bbox 1063 2942 1119 3027; x_wconf 89' lang='lat' dir='ltr'>qui</span> <span class='ocrx_word' id='word_1_164' title='bbox 1143 2943 1278 3008; x_wconf 78' lang='lat' dir='ltr'>statim</span> <span class='ocrx_word' id='word_1_165' title='bbox 1306 2967 1446 3028; x_wconf 91' lang='lat' dir='ltr'>pronun-</span> 
     </span>
     <span class='ocr_line' id='line_1_24' title="bbox 302 3046 1445 3135; baseline 0.003 -24"><span class='ocrx_word' id='word_1_166' title='bbox 302 3047 370 3112; x_wconf 90' lang='lat' dir='ltr'>tiet.</span> <span class='ocrx_word' id='word_1_167' title='bbox 415 3046 531 3131; x_wconf 89' lang='lat' dir='ltr'>Itaque</span> <span class='ocrx_word' id='word_1_168' title='bbox 555 3047 640 3132; x_wconf 86' lang='lat' dir='ltr'>apud</span> <span class='ocrx_word' id='word_1_169' title='bbox 662 3048 806 3113; x_wconf 91' lang='lat' dir='ltr'>Nonium</span> <span class='ocrx_word' id='word_1_170' title='bbox 830 3047 1069 3131; x_wconf 86' lang='lat' dir='ltr'>conglutinatas</span> <span class='ocrx_word' id='word_1_171' title='bbox 1093 3070 1163 3113; x_wconf 89' lang='lat' dir='ltr'>esse</span> <span class='ocrx_word' id='word_1_172' title='bbox 1182 3048 1260 3113; x_wconf 89' lang='lat' dir='ltr'>duas</span> <span class='ocrx_word' id='word_1_173' title='bbox 1285 3051 1445 3135; x_wconf 89' lang='lat' dir='ltr'>antiquio-</span> 
     </span>
     <span class='ocr_line' id='line_1_25' title="bbox 302 3153 1445 3241; baseline 0.003 -24"><span class='ocrx_word' id='word_1_174' title='bbox 302 3175 374 3217; x_wconf 90' lang='lat' dir='ltr'>rum</span> <span class='ocrx_word' id='word_1_175' title='bbox 394 3153 623 3239; x_wconf 81' lang='lat' dir='ltr'>magistrorum</span> <span class='ocrx_word' id='word_1_176' title='bbox 644 3155 886 3219; x_wconf 88' lang='lat' dir='ltr'>observationes</span> <span class='ocrx_word' id='word_1_177' title='bbox 906 3155 1069 3219; x_wconf 83' lang='lat' dir='ltr'>existimo:</span> <span class='ocrx_word' id='word_1_178' title='bbox 1093 3154 1229 3219; x_wconf 88' lang='lat' dir='ltr'>alteram</span> <span class='ocrx_word' id='word_1_179' title='bbox 1252 3155 1346 3241; x_wconf 84' lang='lat' dir='ltr'>hanc,</span> <span class='ocrx_word' id='word_1_180' title='bbox 1369 3160 1445 3221; x_wconf 85' lang='lat' dir='ltr'>sta-</span> 
     </span>
     <span class='ocr_line' id='line_1_26' title="bbox 284 3258 1445 3348; baseline 0.003 -24"><span class='ocrx_word' id='word_1_181' title='bbox 284 3259 373 3325; x_wconf 82' lang='lat' dir='ltr'>&#39;tim</span> <span class='ocrx_word' id='word_1_182' title='bbox 396 3260 452 3324; x_wconf 92' lang='lat' dir='ltr'>ubi</span> <span class='ocrx_word' id='word_1_183' title='bbox 475 3258 715 3346; x_wconf 85' lang='lat' dir='ltr'>produceretur,</span> <span class='ocrx_word' id='word_1_184' title='bbox 737 3265 980 3345; x_wconf 85' lang='lat' dir='ltr'>perseveranter</span> <span class='ocrx_word' id='word_1_185' title='bbox 1004 3264 1037 3325; x_wconf 92' lang='lat' dir='ltr'>et</span> <span class='ocrx_word' id='word_1_186' title='bbox 1054 3261 1232 3345; x_wconf 85' lang='lat' dir='ltr'>aequaliter</span> <span class='ocrx_word' id='word_1_187' title='bbox 1250 3262 1445 3348; x_wconf 79' lang='lat' dir='ltr'>significare:</span> 
     </span>
     <span class='ocr_line' id='line_1_27' title="bbox 291 3366 1447 3452; baseline -0.002 -18"><span class='ocrx_word' id='word_1_188' title='bbox 291 3367 440 3434; x_wconf 76' lang='lat' dir='ltr'>alteram</span> <span class='ocrx_word' id='word_1_189' title='bbox 472 3366 645 3432; x_wconf 85' lang='lat' dir='ltr'>discretam</span> <span class='ocrx_word' id='word_1_190' title='bbox 678 3391 697 3432; x_wconf 88' lang='lat' dir='ltr'>a</span> <span class='ocrx_word' id='word_1_191' title='bbox 723 3367 894 3452; x_wconf 87' lang='lat' dir='ltr'>prosodiae</span> <span class='ocrx_word' id='word_1_192' title='bbox 926 3367 1124 3452; x_wconf 87' lang='lat' dir='ltr'>delinitione,</span> <span class='ocrx_word' id='word_1_193' title='bbox 1160 3390 1225 3433; x_wconf 88' lang='lat' dir='ltr'>non</span> <span class='ocrx_word' id='word_1_194' title='bbox 1255 3371 1384 3434; x_wconf 83' lang='lat' dir='ltr'>tantum</span> <span class='ocrx_word' id='word_1_195' title='bbox 1411 3372 1447 3432; x_wconf 89' lang='lat' dir='ltr'>ut</span> 
     </span>
     <span class='ocr_line' id='line_1_28' title="bbox 303 3472 1445 3559; baseline 0 -18"><span class='ocrx_word' id='word_1_196' title='bbox 303 3474 402 3558; x_wconf 83' lang='lat' dir='ltr'>vulgo</span> <span class='ocrx_word' id='word_1_197' title='bbox 426 3472 534 3559; x_wconf 77' lang='lat' dir='ltr'>‘ilico’,</span> <span class='ocrx_word' id='word_1_198' title='bbox 571 3473 624 3539; x_wconf 90' lang='lat' dir='ltr'>sed</span> <span class='ocrx_word' id='word_1_199' title='bbox 654 3475 752 3539; x_wconf 89' lang='lat' dir='ltr'>etiam</span> <span class='ocrx_word' id='word_1_200' title='bbox 782 3479 1026 3559; x_wconf 84' lang='lat' dir='ltr'>perseveranter</span> <span class='ocrx_word' id='word_1_201' title='bbox 1057 3477 1090 3539; x_wconf 92' lang='lat' dir='ltr'>et</span> <span class='ocrx_word' id='word_1_202' title='bbox 1119 3475 1298 3559; x_wconf 89' lang='lat' dir='ltr'>aequaliter</span> <span class='ocrx_word' id='word_1_203' title='bbox 1327 3475 1445 3541; x_wconf 87' lang='lat' dir='ltr'>valere:</span> 
     </span>
     <span class='ocr_line' id='line_1_29' title="bbox 303 3581 1445 3665; baseline -0.002 -19"><span class='ocrx_word' id='word_1_204' title='bbox 303 3581 469 3665; x_wconf 90' lang='lat' dir='ltr'>utriusque</span> <span class='ocrx_word' id='word_1_205' title='bbox 492 3585 600 3646; x_wconf 88' lang='lat' dir='ltr'>autem</span> <span class='ocrx_word' id='word_1_206' title='bbox 629 3581 867 3647; x_wconf 86' lang='lat' dir='ltr'>observationis</span> <span class='ocrx_word' id='word_1_207' title='bbox 895 3582 1087 3647; x_wconf 87' lang='lat' dir='ltr'>documenta</span> <span class='ocrx_word' id='word_1_208' title='bbox 1114 3581 1217 3646; x_wconf 82' lang='lat' dir='ltr'>mixte</span> <span class='ocrx_word' id='word_1_209' title='bbox 1245 3582 1445 3648; x_wconf 87' lang='lat' dir='ltr'>incuriosius.</span> 
     </span>
     <span class='ocr_line' id='line_1_30' title="bbox 305 3687 1444 3772; baseline 0.002 -20"><span class='ocrx_word' id='word_1_210' title='bbox 305 3687 396 3764; x_wconf 80' lang='lat' dir='ltr'>Quod</span> <span class='ocrx_word' id='word_1_211' title='bbox 420 3687 448 3751; x_wconf 89' lang='lat' dir='ltr'>si</span> <span class='ocrx_word' id='word_1_212' title='bbox 471 3687 685 3771; x_wconf 86' lang='lat' dir='ltr'>probabiliter</span> <span class='ocrx_word' id='word_1_213' title='bbox 709 3687 885 3771; x_wconf 85' lang='lat' dir='ltr'>disputavi,</span> <span class='ocrx_word' id='word_1_214' title='bbox 916 3708 1115 3772; x_wconf 87' lang='lat' dir='ltr'>consequens</span> <span class='ocrx_word' id='word_1_215' title='bbox 1144 3691 1253 3753; x_wconf 90' lang='lat' dir='ltr'>estut</span> <span class='ocrx_word' id='word_1_216' title='bbox 1276 3687 1367 3752; x_wconf 81' lang='lat' dir='ltr'>valde</span> <span class='ocrx_word' id='word_1_217' title='bbox 1391 3711 1444 3754; x_wconf 87' lang='lat' dir='ltr'>an·</span> 
     </span>
     <span class='ocr_line' id='line_1_31' title="bbox 305 3793 1444 3880; baseline -0.002 -19"><span class='ocrx_word' id='word_1_218' title='bbox 305 3817 380 3880; x_wconf 88' lang='lat' dir='ltr'>ceps</span> <span class='ocrx_word' id='word_1_219' title='bbox 404 3795 448 3859; x_wconf 88' lang='lat' dir='ltr'>sit</span> <span class='ocrx_word' id='word_1_220' title='bbox 469 3794 508 3858; x_wconf 88' lang='lat' dir='ltr'>de</span> <span class='ocrx_word' id='word_1_221' title='bbox 531 3795 630 3859; x_wconf 81' lang='lat' dir='ltr'>Ennii</span> <span class='ocrx_word' id='word_1_222' title='bbox 656 3817 694 3859; x_wconf 85' lang='lat' dir='ltr'>ex</span> <span class='ocrx_word' id='word_1_223' title='bbox 718 3795 817 3860; x_wconf 87' lang='lat' dir='ltr'>Aiace</span> <span class='ocrx_word' id='word_1_224' title='bbox 841 3795 947 3864; x_wconf 84' lang='lat' dir='ltr'>verbis</span> <span class='ocrx_word' id='word_1_225' title='bbox 974 3793 1141 3878; x_wconf 90' lang='lat' dir='ltr'>iudicium,</span> <span class='ocrx_word' id='word_1_226' title='bbox 1167 3816 1245 3858; x_wconf 91' lang='lat' dir='ltr'>num</span> <span class='ocrx_word' id='word_1_227' title='bbox 1268 3794 1336 3858; x_wconf 90' lang='lat' dir='ltr'>illis</span> <span class='ocrx_word' id='word_1_228' title='bbox 1359 3800 1444 3861; x_wconf 89' lang='lat' dir='ltr'>recte</span> 
     </span>
     <span class='ocr_line' id='line_1_32' title="bbox 304 3899 1445 3986; baseline -0.001 -20"><span class='ocrx_word' id='word_1_229' title='bbox 304 3901 434 3968; x_wconf 87' lang='lat' dir='ltr'>initium</span> <span class='ocrx_word' id='word_1_230' title='bbox 458 3902 525 3966; x_wconf 87' lang='lat' dir='ltr'>sive</span> <span class='ocrx_word' id='word_1_231' title='bbox 549 3901 666 3966; x_wconf 88' lang='lat' dir='ltr'>senarii</span> <span class='ocrx_word' id='word_1_232' title='bbox 687 3923 799 3967; x_wconf 85' lang='lat' dir='ltr'>versus</span> <span class='ocrx_word' id='word_1_233' title='bbox 819 3901 886 3966; x_wconf 88' lang='lat' dir='ltr'>sive</span> <span class='ocrx_word' id='word_1_234' title='bbox 905 3900 1079 3986; x_wconf 88' lang='lat' dir='ltr'>septenarii</span> <span class='ocrx_word' id='word_1_235' title='bbox 1099 3901 1169 3964; x_wconf 86' lang='lat' dir='ltr'>fiat:</span> <span class='ocrx_word' id='word_1_236' title='bbox 1193 3899 1266 3976; x_wconf 77' lang='lat' dir='ltr'>‘Qui</span> <span class='ocrx_word' id='word_1_237' title='bbox 1286 3902 1354 3966; x_wconf 79' lang='lat' dir='ltr'>rem</span> <span class='ocrx_word' id='word_1_238' title='bbox 1373 3923 1445 3967; x_wconf 91' lang='lat' dir='ltr'>cum</span> 
     </span>
     <span class='ocr_line' id='line_1_33' title="bbox 304 4006 1445 4093; baseline -0.003 -18"><span class='ocrx_word' id='word_1_239' title='bbox 304 4009 440 4075; x_wconf 89' lang='lat' dir='ltr'>Achiuis</span> <span class='ocrx_word' id='word_1_240' title='bbox 464 4010 633 4093; x_wconf 75' lang='lat' dir='ltr'>gesserunt</span> <span class='ocrx_word' id='word_1_241' title='bbox 657 4006 769 4074; x_wconf 87' lang='lat' dir='ltr'>statim</span> <span class='ocrx_word' id='word_1_242' title='bbox 793 4006 843 4092; x_wconf 91' lang='lat'>..&#39;,</span> <span class='ocrx_word' id='word_1_243' title='bbox 866 4030 947 4092; x_wconf 85' lang='lat' dir='ltr'>quae</span> <span class='ocrx_word' id='word_1_244' title='bbox 966 4006 1138 4073; x_wconf 84' lang='lat' dir='ltr'>Ribbeckii</span> <span class='ocrx_word' id='word_1_245' title='bbox 1161 4028 1252 4071; x_wconf 89' lang='lat' dir='ltr'>mens</span> <span class='ocrx_word' id='word_1_246' title='bbox 1270 4006 1333 4071; x_wconf 86' lang='lat' dir='ltr'>fuit</span> <span class='ocrx_word' id='word_1_247' title='bbox 1349 4006 1445 4093; x_wconf 83' lang='lat' dir='ltr'>Trag.</span> 
     </span>
     <span class='ocr_line' id='line_1_34' title="bbox 266 4111 1445 4201; baseline -0.002 -21"><span class='ocrx_word' id='word_1_248' title='bbox 266 4141 292 4180; x_wconf 80' lang='lat' dir='ltr'>n</span> <span class='ocrx_word' id='word_1_249' title='bbox 305 4139 335 4201; x_wconf 92' lang='lat' dir='ltr'>p.</span> <span class='ocrx_word' id='word_1_250' title='bbox 357 4114 412 4198; x_wconf 82' lang='lat'>15,</span> <span class='ocrx_word' id='word_1_251' title='bbox 444 4137 485 4180; x_wconf 86' lang='lat' dir='ltr'>an</span> <span class='ocrx_word' id='word_1_252' title='bbox 512 4113 635 4198; x_wconf 86' lang='lat' dir='ltr'>pariter</span> <span class='ocrx_word' id='word_1_253' title='bbox 666 4119 763 4200; x_wconf 87' lang='lat' dir='ltr'>atque</span> <span class='ocrx_word' id='word_1_254' title='bbox 790 4113 977 4180; x_wconf 87' lang='lat' dir='ltr'>Plautinum</span> <span class='ocrx_word' id='word_1_255' title='bbox 1009 4113 1101 4179; x_wconf 92' lang='lat' dir='ltr'>illum</span> <span class='ocrx_word' id='word_1_256' title='bbox 1135 4113 1231 4180; x_wconf 89' lang='lat' dir='ltr'>etiam</span> <span class='ocrx_word' id='word_1_257' title='bbox 1261 4111 1445 4178; x_wconf 81' lang='lat' dir='ltr'>Ennianum</span> 
     </span>
     <span class='ocr_line' id='line_1_35' title="bbox 305 4223 404 4288; baseline -0.02 0"><span class='ocrx_word' id='word_1_258' title='bbox 305 4223 404 4288; x_wconf 86' lang='lat' dir='ltr'>talem</span> 
     </span>
     <span class='ocr_line' id='line_1_36' title="bbox 478 4327 1268 4416; baseline -0.008 -19"><span class='ocrx_word' id='word_1_259' title='bbox 478 4383 485 4397; x_wconf 92' lang='lat'><strong>.</strong></span> <span class='ocrx_word' id='word_1_260' title='bbox 509 4380 517 4396; x_wconf 90' lang='lat'><strong>.</strong></span> <span class='ocrx_word' id='word_1_261' title='bbox 540 4331 595 4416; x_wconf 93' lang='lat' dir='ltr'>qui</span> <span class='ocrx_word' id='word_1_262' title='bbox 618 4353 685 4396; x_wconf 89' lang='lat' dir='ltr'>rem</span> <span class='ocrx_word' id='word_1_263' title='bbox 709 4352 780 4396; x_wconf 91' lang='lat' dir='ltr'>cum</span> <span class='ocrx_word' id='word_1_264' title='bbox 805 4328 940 4395; x_wconf 84' lang='lat' dir='ltr'>Achiuis</span> <span class='ocrx_word' id='word_1_265' title='bbox 963 4332 1133 4414; x_wconf 84' lang='lat' dir='ltr'>gessenint</span> <span class='ocrx_word' id='word_1_266' title='bbox 1156 4327 1268 4392; x_wconf 87' lang='lat' dir='ltr'>statim</span> 
     </span>
    </p>
   </div>
   <div class='ocr_carea' id='block_1_10' title="bbox 305 4451 1444 4546">
    <p class='ocr_par' dir='ltr' id='par_1_10' title="bbox 305 4451 1444 4546">
     <span class='ocr_line' id='line_1_37' title="bbox 305 4451 1444 4546; baseline -0.004 -24"><span class='ocrx_word' id='word_1_267' title='bbox 305 4456 480 4546; x_wconf 85' lang='lat' dir='ltr'>protulisse</span> <span class='ocrx_word' id='word_1_268' title='bbox 507 4456 633 4523; x_wconf 90' lang='lat' dir='ltr'>Nonius</span> <span class='ocrx_word' id='word_1_269' title='bbox 663 4456 822 4521; x_wconf 80' lang='lat' dir='ltr'>rideatur:</span> <span class='ocrx_word' id='word_1_270' title='bbox 852 4453 978 4538; x_wconf 89' lang='lat' dir='ltr'>quando</span> <span class='ocrx_word' id='word_1_271' title='bbox 1006 4474 1044 4518; x_wconf 87' lang='lat' dir='ltr'>ea</span> <span class='ocrx_word' id='word_1_272' title='bbox 1072 4451 1255 4516; x_wconf 86' lang='lat' dir='ltr'>subtilitate</span> <span class='ocrx_word' id='word_1_273' title='bbox 1284 4470 1444 4536; x_wconf 85' lang='lat' dir='ltr'>gramma·</span> 
     </span>
    </p>
   </div>
   <div class='ocr_carea' id='block_1_11' title="bbox 0 0 1637 5082">
    <p class='ocr_par' dir='ltr' id='par_1_11' title="bbox 0 0 1637 5082">
     <span class='ocr_line' id='line_1_38' title="bbox 0 0 1637 5082; baseline 0 0"><span class='ocrx_word' id='word_1_274' title='bbox 0 0 1637 5082; x_wconf 95' lang='lat' dir='ltr'> </span> 
     </span>
    </p>
   </div>
  </div>
 </body>
</html>
