3116 5066
304 357 365 423 108
677 363 831 420 umvnvs'
849 371 1066 420 MVMMIANVS.

301 517 418 582 Iubeo
443 519 618 600 expectet:
643 515 680 581 si
700 515 814 599 faxit,
837 515 1025 599 gaude'bit
1048 509 1243 598 se‘mpcr.*)

300 623 509 708 Postquam
532 623 759 688 cecideruut
782 643 862 705 spes
886 623 1060 705 o'm[ues],
1079 618 1250 686 consulis
1274 623 1344 684 tun
1368 618 1448 682 me?

302 745 363 810 Sed
386 747 450 832 ipsi
473 745 590 831 Ennio,
613 769 747 833 graecae
767 747 950 813 severitatis
974 747 1058 812 inter
1076 745 1242 811 Romanoa
1265 745 1396 810 auctori
1416 747 1450 809 et

301 853 419 919 vindici
439 855 605 938 acerrimo,
625 877 701 920 case
720 855 818 920 talem
837 855 1001 918 licentiam
1020 853 1146 919 tribuas
1166 873 1239 916 cum
1254 850 1448 916 Hermanno

300 959 403 1026 Elem.
427 960 526 1026 doctr.
550 965 641 1026 metr.
665 985 695 1046 p.
719 957 848 1047 347.**)
894 958 980 1025 Nam
1002 960 1037 1024 iu
1061 959 1352 1044 Hedyphegeticon
1377 959 1447 1043 qui·

301 1067 373 1131 dem
397 1066 458 1152 (sic
486 1068 573 1132 enim
601 1065 822 1152 Florentiuus)
847 1067 932 1150 apud
956 1066 1130 1150 Apuleium
1152 1065 1191 1129 de
1215 1066 1327 1150 magia
1352 1087 1378 1130 c.
1404 1067 1447 1130 39

301 1199 331 1259 p.
354 1176 419 1241 489
444 1174 602 1255 versibus,
630 1175 685 1258 qui
712 1196 777 1239 non
800 1173 891 1258 peius
915 1197 934 1238 a
961 1174 1103 1239 librariis
1128 1195 1224 1258 quam
1248 1172 1290 1235 ab
1315 1172 1446 1236 editori-

302 1283 361 1346 bus
385 1281 490 1346 habiti
514 1285 598 1367 sunt,
622 1281 764 1347 dubItari
787 1281 900 1366 nequit
919 1281 994 1367 quiu
1015 1303 1087 1346 cum
1107 1281 1180 1345 aliis
1200 1283 1372 1363 corruptus
1393 1279 1447 1344 hic

302 1389 357 1452 sit:
394 1389 648 1472 Molossorum,
694 1389 845 1454 turdum
896 1389 1155 1472 merulimque
1195 1387 1446 1470 umbramque

301 1493 496 1559 marinam.
543 1495 644 1572 Quem
667 1495 775 1561 nescio
799 1518 841 1561 an
859 1495 939 1559 vitio
964 1495 1010 1560 sic
1033 1497 1120 1562 recte
1143 1494 1279 1559 liberem
1303 1493 1447 1560 ascitos

301 1602 437 1668 Mosella
460 1603 628 1688 pisciculo:

275 1727 505 1811 Alburnum,
532 1727 684 1793 turdum
709 1727 970 1814 merulamque
1000 1728 1247 1813 umbramque
1272 1728 1472 1790 marinam:

301 1852 365 1916 nisi
389 1851 472 1916 forte
496 1857 553 1944 aut
576 1853 701 1917 turdum
724 1856 780 1918 aut
802 1855 954 1918 insicum
978 1875 997 1916 a
1016 1854 1116 1918 sciolo
1137 1853 1297 1917 adiectum
1317 1856 1377 1933 est,
1397 1853 1447 1916 vel

300 1961 451 2024 inerciam
480 1982 517 2024 ex
546 1959 618 2042 ipso
645 1960 841 2023 inclusorum
869 1963 990 2044 ortum,
1022 1960 1083 2024 hoc
1111 1959 1249 2044 piscium
1278 1980 1382 2044 genus
1413 1963 1447 2023 ut

301 2067 391 2130 velut
414 2067 461 2132 sic
483 2069 640 2131 servetur:

276 2191 508 2274 Alburnum,
536 2191 704 2276 turdum,
732 2193 970 2258 melanurum
999 2193 1249 2277 umbramque
1278 2195 1470 2258 marinam.

301 2314 409 2380 Minus
433 2315 531 2380 etiam
560 2315 634 2380 fidei
659 2317 741 2381 alter
763 2339 874 2381 versus
898 2317 1066 2382 Ennianus
1089 2316 1189 2382 habet
1212 2315 1356 2382 admisso
1375 2341 1447 2402 pro

302 2423 531 2488 celeusmatico
556 2423 602 2488 sic
625 2422 799 2508 propagari
823 2423 950 2490 solitus:
974 2422 1169 2506 Odpititus
1191 2425 1332 2490 notantis
1353 2427 1448 2507 pincis

300 2531 451 2612 rectisque
468 2531 631 2612 cupressos.
668 2531 738 2607 Quo
758 2553 851 2597 versu
871 2532 1014 2596 Ennium
1032 2529 1157 2597 Gellius
1175 2531 1265 2614 XIII,
1287 2531 1331 2596 20
1349 2534 1448 2596 testa-
1546 2518 1547 2566 l

300 2643 354 2702 tus
376 2642 495 2702 rectos
521 2657 713 2719 cupressos
735 2639 849 2703 dixisse
876 2644 982 2703 contra
1004 2644 1153 2722 receptum
1179 2638 1317 2704 vocabuli
1340 2659 1447 2720 pentes,

300 2744 351 2808 his
376 2743 481 2808 verbis
510 2745 631 2828 pergit:
663 2749 770 2808 contra
796 2765 868 2809 uero
895 2746 976 2810 idem
1004 2745 1131 2811 Ennius
1158 2747 1193 2810 in
1222 2744 1346 2810 Auscii
1373 2745 1446 2810 due

300 2850 479 2914 deuicesimo
503 2871 527 2914 e.
557 2871 586 2933 q.
617 2872 650 2932 s.‚
674 2871 738 2934 quo
765 2871 831 2914 uon
859 2872 897 2914 ex
924 2851 1103 2916 Annalibus
1130 2853 1219 2936 prius
1249 2873 1319 2917 csse
1342 2875 1447 2917 exem-

300 2956 389 3040 plum
413 2956 551 3039 petitum
579 2955 756 3040 significari
785 2957 921 3021 videtur.
967 2956 1105 3022 Gravius
1129 2963 1179 3022 est
1202 2959 1286 3044 quod
1309 2981 1350 3024 ue
1378 2981 1447 3044 rep

299 3063 385 3146 perIt
413 3062 543 3148 quidem
570 3063 720 3144 capitibus
747 3065 889 3128 somniis
916 3066 1000 3147 apud
1025 3063 1167 3129 Gellium
1196 3065 1353 3149 scriptum
1378 3067 1446 3130 eiua

300 3169 493 3252 compilator
515 3167 641 3234 Nonius
666 3191 695 3252 p.
722 3169 797 3253 195,
826 3170 880 3234 sed
904 3171 1055 3252 capitibus
1076 3173 1275 3237 substitus:
1304 3171 1336 3236 id
1361 3171 1446 3256 quod

302 3275 401 3340 etiam
425 3275 697 3361 Guelferbytanus
721 3277 820 3342 codex
845 3276 942 3341 Gellii
965 3277 1064 3341 babet
1083 3277 1117 3342 in
1137 3279 1292 3363 margine.
1329 3277 1375 3343 Vt
1393 3279 1445 3344 his

300 3383 380 3467 ipsis
404 3385 510 3450 verbis
539 3383 661 3448 exitum
685 3369 796 3448 versus
820 3384 977 3448 contineri
1001 3389 1172 3468 appareat,
1196 3385 1250 3470 qui
1276 3405 1348 3450 cum
1371 3407 1443 3470 pro·

301 3490 381 3554 ximi
403 3491 497 3555 initio
520 3513 586 3556 non
609 3489 811 3556 incommode
838 3491 955 3575 coibit,
983 3491 1040 3556 ubi
1062 3513 1160 3556 unam
1183 3491 1331 3557 voculam
1358 3491 1445 3556 addi-

301 3597 395 3680 deris,
414 3597 503 3662 velut
520 3597 590 3662 ibus
607 3597 726 3662 litteris
747 3597 933 3681 absorptam
952 3599 1004 3682 ibi,
1024 3597 1085 3662 hoc
1104 3599 1251 3684 exemplo
1267 3599 1446 3666 trochaico:

407 3769 838 3788 .........
884 3723 1078 3807 stipitibus
1107 3725 1339 3790 uutdntibus

407 3814 474 3894 Ibi
503 3829 617 3912 pinos
650 3831 860 3914 rectisque
888 3851 1099 3914 cupressos
1119 3881 1339 3899 .....

300 3957 407 4040 Atque
431 3953 511 4020 alibi
535 3977 662 4040 quoque
686 3977 744 4039 pro
770 3953 964 4018 hexametris
987 3933 1139 4019 Enniana
1162 3957 1261 4021 verba
1284 3980 1350 4022 nou
1373 3957 1444 4021 dac·

299 4064 402 4147 tylica
425 4066 557 4146 accepta
580 4065 665 4145 sunt,
688 4064 725 4125 ut
744 4061 828 4144 apud
848 4061 1027 4126 Varronem
1047 4063 1085 4126 dc
1104 4063 1124 4126 l.
1143 4063 1200 4128 lat.
1220 4062 1293 4146 VII,
1316 4065 1355 4128 12
1374 4063 1444 4128 illa:

394 4307 418 4374 ³)
438 4308 539 4380 [Musei
561 4307 647 4362 Rhea.
672 4307 690 4361 l.
714 4327 734 4362 s.
759 4325 779 4360 a.
803 4327 830 4377 p.
850 4315 901 4362 414
926 4307 1095 4363 Ritachelius
1118 4309 1277 4378 proposuit:
1299 4311 1397 4366 ‘Idbeo
1415 4313 1446 4364 ret

300 4395 397 4451 irissei:
418 4399 440 4449 sl
458 4397 540 4464 laxit,
558 4395 694 4466 gaude'bit
713 4397 840 4466 semper!
881 4397 909 4453 C.
929 4397 986 4468 W.]

370 4483 412 4552 **)
434 4483 484 4556 [Οἱ
507 4485 596 4540 Musei
611 4485 699 4542 Rheu.
719 4485 783 4542 XIV
799 4485 882 4555 (infra
896 4505 922 4542 n.
937 4485 1012 4556 XIV)
1027 4505 1054 4557 p.
1070 4493 1120 4543 407
1137 4505 1176 4556 sq.
1193 4488 1257 4543 udo.
1296 4489 1324 4544 C.
1336 4489 1393 4561 W.]
