3246 5082
307 358 371 423 288
628 377 676 423 nn
700 375 897 425 nrcrrnrnvs
920 376 1129 424 nmrnacrrs

306 517 397 581 cuius
426 518 606 600 scripturae
635 519 862 601 antiquitatem
891 519 963 600 ipsa
991 516 1069 583 OOS
1096 522 1177 582 noto
1204 519 1344 581 metatur
1376 537 1451 580 con·

306 628 396 688 stans
419 645 478 708 per
497 623 606 688 omnia
625 624 761 688 saecula.
792 623 914 700 Quodsi
933 627 1005 708 quis
1023 647 1091 689 non
1109 625 1301 688 successisse
1321 622 1448 687 demum

305 751 386 794 com
419 730 557 795 formam
586 730 761 814 antiquiori
794 753 904 814 quom
934 735 1126 814 scripturae,
1159 730 1215 794 sed
1247 731 1319 814 pari
1352 735 1449 814 atque

304 835 388 900 hanc
411 835 605 920 antiquitate
629 858 700 901 esse
719 837 934 920 contenderit,
957 837 1077 921 dequo
1097 836 1265 902 fatendum
1287 841 1337 900 est
1354 857 1449 920 posse

304 942 339 1007 in
363 947 682 1028 utramquepartem
706 945 833 1008 sentiri:
861 949 895 1008 at
917 946 980 1009 iste
1004 945 1133 1029 quidem
1156 943 1329 1009 concedere
1357 943 1450 1008 debe·

304 1050 354 1114 bit
375 1072 416 1114 ne
439 1049 502 1114 hoc
524 1051 653 1134 quidem
677 1053 753 1116 sciri
776 1073 981 1135 posse,nu1n
1006 1050 1090 1114 forte
1114 1072 1224 1115 accos
1253 1073 1319 1115 uon
1343 1051 1449 1115 miuus

305 1161 471 1241 antiquum
505 1158 549 1220 sit
582 1178 678 1240 quam
711 1178 860 1241 aequos.
907 1156 945 1220 ln
975 1178 1038 1240 quo
1070 1177 1186 1240 genere
1218 1162 1256 1221 ut
1287 1159 1448 1224 nescimus

303 1264 419 1346 multa,
446 1265 494 1327 ita
523 1263 661 1328 multum
685 1263 846 1327 variatum
874 1263 1128 1348 fluctuatumquc
1161 1286 1232 1328 esse
1261 1265 1449 1349 priusquam

303 1369 343 1434 ad
376 1370 527 1435 stabilem
561 1369 825 1435 consuetudinem
863 1370 1098 1453 perveniretur,
1136 1370 1230 1435 valde
1270 1373 1449 1457 singularia

302 1476 450 1560 exempla
469 1477 626 1561 quaedam
645 1477 775 1542 docent:
798 1477 887 1542 velut
905 1476 1147 1553 MIRQVRIOS
1166 1478 1245 1542 illud
1264 1479 1298 1543 in
1317 1480 1448 1563 speculo

199 1587 203 1592 '
274 1641 276 1646 .
303 1605 388 1647 ncnc
411 1581 614 1649 Berolinensi
639 1581 687 1664 [O.
706 1583 731 1647 I.
750 1582 784 1647 L.
807 1583 824 1646 l
846 1606 876 1648 n.
891 1584 947 1667 593
970 1583 1004 1649 P.
1023 1584 1057 1649 L.
1076 1584 1175 1650 MAE.
1195 1587 1260 1650 tab.
1279 1585 1375 1667 IF],
1399 1590 1448 1650 at-

302 1711 363 1773 que
386 1689 467 1755 adeo
491 1691 524 1754 in
550 1688 607 1755 SC.
631 1691 669 1756 dc
684 1689 899 1756 Bacanclibus
924 1691 1006 1756 mira
1025 1689 1254 1768 OQVOLTOD
1279 1693 1447 1776 scriptura.

303 1795 426 1873 Quibus
454 1798 551 1882 longe
575 1797 794 1862 commodiora
817 1798 1029 1882 gravioraque
1052 1799 1092 1863 ad
1115 1802 1261 1863 nostram
1284 1801 1448 1883 quaestio-

301 1925 375 1968 nem
399 1905 457 1968 illa
480 1908 601 1988 essent,
629 1905 663 1967 in
688 1905 883 1969 contrariam
908 1909 1035 1988 partem
1058 1905 1213 1989 valentia,
1242 1927 1323 1989 quae
1346 1906 1448 1972 Lach-

302 2031 439 2074 mannus
462 2009 605 2075 Lucretii
628 2033 658 2094 p.
678 2010 743 2074 220
767 2011 949 2094 composuit
970 1999 1029 2096 per
1051 2033 1067 2076 c
1090 2012 1224 2096 scripta:
1252 2034 1381 2079 corum
1404 2009 1448 2080 co

302 2139 345 2181 oa
368 2116 525 2181 caudam
549 2115 754 2181 earundem
779 2117 881 2183 alico
904 2117 1076 2203 condam,
1099 2119 1163 2182 nisi
1182 2141 1221 2183 ea
1239 2141 1304 2185 non
1323 2142 1362 2186 ex
1380 2143 1447 2186 mo·

302 2223 465 2288 numentis
484 2224 588 2308 petita
605 2227 715 2289 essent
737 2224 791 2288 sed
816 2247 836 2288 u
854 2225 996 2290 librariis
1020 2228 1166 2309 accepta:
1190 2229 1235 2304 ut,
1258 2249 1321 2311 qua
1340 2229 1449 2292 aetate

301 2330 378 2394 talis
401 2331 561 2416 scriptura
581 2352 683 2416 quove
707 2335 836 2396 auctore
860 2331 1044 2414 invaluerit,
1067 2333 1152 2395 teste
1175 2333 1264 2397 nullo
1289 2338 1425 2399 constet.

391 2436 542 2504 Ceterum
566 2437 687 2503 cultum
711 2437 842 2503 deorum
866 2439 1011 2504 omnium
1034 2439 1067 2502 in
1090 2438 1141 2502 his
1165 2440 1289 2522 poculis
1312 2441 1447 2525 inscrip-

301 2549 408 2610 torum
432 2545 692 2629 sntiquissimum
716 2544 818 2610 fuisse
842 2546 963 2629 partim
981 2545 1147 2630 proditum
1166 2549 1216 2610 est
1235 2547 1354 2630 partim
1372 2569 1448 2613 con-

301 2657 500 2718 sentaneum.
536 2652 581 2716 Et
604 2651 853 2734 Aequitatem
878 2650 1008 2736 quidem
1032 2651 1123 2716 deam
1146 2652 1236 2716 iuxta
1256 2675 1327 2718 curn
1336 2653 1447 2719 Victo-

301 2759 350 2823 ria
381 2759 478 2844 Pace,
514 2759 592 2823 item
629 2758 757 2822 Pietate
789 2756 970 2823 Concordia
1007 2757 1119 2822 Salute
1151 2758 1283 2824 Honore
1316 2759 1447 2824 Virtute

302 2864 472 2930 Felicitate
495 2867 728 2930 commemorat
750 2863 914 2928 Arnobius
938 2863 1009 2929 adv.
1032 2867 1097 2930 nat.
1121 2863 1178 2944 IV,
1200 2867 1231 2929 1:
1263 2864 1446 2931 SIGNVM·

301 2969 568 3047 AEQVITATIS
591 2971 718 3034 dicatur
741 2969 775 3034 in
797 2970 894 3034 titulo
918 2969 1127 3036 Praenestino
1151 2971 1279 3037 Gruteri
1302 2996 1333 3057 p.
1352 2973 1402 3056 76,
1416 2973 1445 3036 3.

303 3075 429 3142 Saluti
458 3077 568 3140 aedem
592 3097 676 3141 anuo
697 3073 863 3140 ODXLIII
883 3081 992 3142 votam
1016 3100 1035 3142 a
1055 3075 1089 3142 0.
1107 3077 1200 3143 Iunio
1219 3077 1381 3162 Bubulco,
1404 3080 1445 3144 ab

303 3183 414 3248 eodem
434 3183 576 3248 locatam
595 3203 665 3247 esse
685 3204 712 3246 a.
728 3181 921 3266 ODXLVII,
945 3183 1126 3249 dedicatam
1150 3209 1178 3250 a.
1198 3183 1316 3250 ODLII
1335 3185 1445 3251 Livius

303 3289 404 3354 tradit
426 3287 482 3372 IX,
500 3289 543 3354 43
568 3293 601 3354 et
622 3287 662 3372 X,
685 3291 711 3372 l,
735 3289 869 3372 picturis
894 3293 1041 3355 ornatam
1066 3314 1085 3355 a
1106 3289 1207 3356 Fabio
1232 3291 1358 3356 Pictore
1382 3291 1445 3358 Pli

262 3417 288 3455 aa
302 3397 375 3462 nius
393 3395 435 3461 N.
448 3395 489 3461 H.
504 3394 636 3478 XXXV,
655 3398 686 3480 4,
707 3397 739 3460 7:
764 3395 972 3480 eandemque,
995 3396 1078 3460 unde
1101 3401 1134 3460 et
1157 3397 1250 3462 colli
1272 3397 1446 3464 Salutari

302 3507 334 3568 et
356 3509 491 3588 portae
516 3502 691 3569 Salutari
714 3525 830 3568 nomen
855 3501 909 3588 (de
928 3504 1044 3587 quibus
1063 3508 1148 3568 recte
1163 3503 1324 3570 Beclrerns
1344 3506 1446 3570 sensit

302 3611 411 3696 Antiq.
429 3610 522 3676 Rom.
544 3611 560 3676 Ι
583 3633 614 3694 p.
636 3610 696 3674 131
723 3612 756 3674 et
779 3607 872 3695 578),
905 3609 939 3673 in
961 3610 1142 3696 Argeorum
1166 3612 1331 3678 sacrificiis
1361 3633 1446 3677 com·

302 3720 515 3783 memoratam
538 3716 644 3781 Varro
671 3715 814 3799 repperit
842 3715 883 3780 de'
903 3717 924 3780 l.
948 3716 1003 3781 lat.
1022 3715 1062 3800 V,
1080 3717 1137 3782 52:
1170 3718 1220 3782 cui
1245 3718 1322 3784 deae
1346 3721 1445 3784 etiam

301 3825 541 3890 Pisaurensium
564 3823 734 3888 titulorum
756 3822 886 3888 illorum
909 3845 991 3888 unus
1015 3821 1215 3910 (SALVTE)
1239 3825 1363 3890 dicatus
1387 3830 1446 3909 est,

302 3932 357 4016 qui
380 3931 472 3997 nulla
498 3930 658 3994 dubitatio
687 3935 737 3994 est
765 3929 844 4014 quin
872 3935 997 3995 sextum
1027 3930 1191 3995 saeculum
1223 3935 1329 3996 aetate
1353 3953 1446 4016 supe·

301 4042 383 4102 rent.
429 4035 636 4101 Lavernali
663 4039 778 4120 portae
807 4035 860 4100 ‘ab
884 4059 941 4101 ara
963 4036 1176 4120 Lavernae,
1209 4037 1294 4121 quod
1318 4037 1363 4102 ibi
1387 4061 1447 4103 ara

301 4141 382 4208 eius'
405 4165 524 4208 nomen
546 4142 686 4208 inditum
709 4143 793 4207 idem
817 4139 922 4208 Varro
946 4143 1059 4208 scribit
1081 4142 1122 4226 V,
1144 4144 1220 4229 163,
1248 4144 1299 4208 cui
1322 4143 1447 4210 accedit

301 4249 415 4314 Festus
444 4249 537 4314 Pauli
566 4271 597 4334 p.
619 4250 679 4314 117
699 4248 756 4315 Ma
783 4248 866 4314 unde
894 4249 933 4314 de
957 4250 1153 4334 antiquitate
1177 4250 1244 4316 eius
1275 4251 1366 4334 deae,
1396 4251 1445 4316 fu·

300 4377 373 4420 rum
396 4359 551 4440 patronae
575 4355 690 4421 Plauto
718 4353 818 4442 (apud
841 4353 983 4421 Nonium
1007 4379 1037 4440 p.
1059 4354 1151 4442 134),
1179 4353 1286 4423 Novio
1311 4355 1462 4442 (ibidem.

300 4493 332 4555 p.
349 4459 443 4550 483),
471 4461 622 4546 Horatio,
653 4461 798 4527 Arnobio
826 4462 978 4547 testibus,
1010 4463 1079 4528 lieri
1113 4464 1299 4530 coniectura
1327 4466 1444 4548 potest.
