3216 5082
551 387 833 436 evernanunuvn
854 387 903 434 111.
1236 369 1302 434 533

155 531 274 596 Levius
305 535 356 595 est
383 531 467 615 quod
500 531 534 595 in
565 533 680 614 patera
712 531 834 616 pictam
866 530 1037 595 bestiolam
1070 551 1127 614 per
1153 513 1300 596 'errorem

155 638 358 723 scorpionem
382 637 462 721 dixi,
485 659 580 722 quem
603 638 723 702 rectius
746 637 952 703 Detlefsenus
977 659 1137 704 canorum.
1183 635 1301 712 Quam-

156 769 253 832 quam
276 745 375 810 otiam
398 745 502 830 magis
526 766 544 809 e
567 766 641 808 vero
661 744 708 809 sic
731 744 822 809 illam
842 744 981 828 definiri,
1004 745 1093 810 utin
1113 743 1301 809 ‘crustaceis

154 851 325 936 decapodis
353 849 559 935 brachyuris'
591 847 881 934 habeatnr‚(quod
913 869 1015 934 genus
1042 851 1215 915 vernaculo
1244 874 1300 916 no·

155 961 241 1026 mine
263 959 388 1024 Krobbc
411 956 663 1044 appellitamus)‚
691 957 898 1023 doctissimus
922 981 973 1023 me
996 957 1122 1044 collega
1145 959 1300 1044 uoologus

155 1067 292 1134 comiter
314 1065 451 1131 edocuit.

244 1388 415 1454 Postremo
443 1387 586 1452 eiusdem
614 1387 794 1452 fasciculi
820 1385 861 1451 ll
884 1408 914 1470 p.
933 1385 996 1451 XII
1019 1387 1112 1468 [519]
1136 1387 1299 1470 prolatum

154 1495 416 1580 supplementum
441 1495 574 1559 mutilae
603 1495 782 1559 lamellae
806 1492 1067 1559 Bononiensis
1091 1493 1210 1558 mirum
1234 1515 1300 1558 non

154 1605 289 1666 estnon
308 1601 429 1665 nemini
449 1605 500 1666 sat
518 1601 611 1686 gravi
630 1623 703 1665 oum
722 1601 888 1665 mirationi
911 1605 980 1665 tum
1000 1601 1171 1664 offensioni
1190 1601 1300 1665 fuisse.

152 1709 230 1774 Non
248 1707 358 1792 cogito
381 1730 466 1773 nune
490 1708 529 1772 de
548 1707 740 1772 Mommseni
759 1705 1030 1789 dubitationibus,
1052 1707 1171 1791 quibus
1194 1729 1299 1771 meam

153 1815 381 1900 coniecturam,
391 1815 592 1900 propositam
603 1812 776 1878 MuseiRh.
786 1811 1300 1898 t.xv11p.607[infran.xxlll],

152 1921 402 2006 impugnaverat
425 1920 507 1986 Add.
531 1943 561 2004 p.
580 1919 691 2006 561.*)
728 1919 794 1984 Vbi
813 1919 930 2003 quibus
950 1923 1070 1986 contra
1083 1942 1134 1984 me
1152 1943 1230 1985 usus
1249 1926 1300 1986 est

152 2029 278 2094 dnobus
306 2028 520 2114 argumentis,
553 2027 598 2091 eia
627 2027 736 2092 fateor
762 2048 814 2091 me
840 2049 954 2111 parum
978 2027 1109 2092 moveri.
1154 2027 1298 2092 Primum

153 2135 240 2200 enim
273 2135 358 2221 quod
391 2135 546 2218 exemplis
578 2133 712 2200 destitui
745 2133 845 2198 talem
877 2133 1041 2218 participii
1072 2134 1299 2201 formationem

152 2241 301 2328 (facilus)
325 2243 415 2320 dicit,
438 2243 472 2306 id
495 2261 555 2326 ego
579 2241 709 2326 quidem
727 2263 793 2306 non
811 2239 993 2305 mehercule
1015 2241 1083 2326 ullo
1103 2241 1197 2306 modo
1217 2243 1299 2308 oela-

153 2371 278 2433 veram‚
318 2349 374 2414 sed
407 2349 541 2415 eandem
574 2371 639 2413 non
672 2347 804 2412 destitui
842 2347 996 2432 analogia
1027 2352 1095 2412 tam
1127 2349 1300 2434 diligenter

153 2455 357 2522 ostenderam
381 2460 512 2541 tamque
535 2454 736 2538 propinquae
752 2453 924 2518 Saeturnus
945 2453 1070 2518 formae
1089 2455 1298 2521 similitudine

152 2562 367 2648 probaveram
391 2565 440 2644 ut,
471 2584 527 2626 eur
551 2560 607 2624 ‘ne
631 2559 775 2643 potuisse
798 2559 926 2644 quidem
955 2559 1003 2624 ita
1026 2559 1139 2626 soribi'
1162 2561 1297 2627 Momm·
1313 2595 1370 2635 χιι

153 2691 250 2733 senus
274 2669 448 2734 contendat
475 2667 541 2754 (vel
564 2671 600 2731 ut
623 2665 726 2752 ipsius
748 2665 849 2730 verba
872 2687 1009 2749 servem,
1040 2664 1114 2731 ‘sibi
1138 2669 1299 2734 constare'

154 2776 263 2860 dieat),
287 2775 419 2840 minime
437 2774 645 2860 perspiciam:
668 2772 860 2857 praesertim
879 2795 952 2838 eum
971 2774 1040 2858 ipse
1059 2775 1213 2840 concedat
1231 2776 1298 2841 eius

154 2883 270 2947 aetatis
295 2883 427 2948 titulum
450 2903 534 2964 esse,
561 2882 650 2947 ouius
674 2885 840 2966 praeterea
863 2881 1059 2964 paucissima
1082 2881 1122 2946 ad
1145 2905 1204 2948 nos
1227 2906 1298 2969 per·

154 2991 300 3056 venerint
330 2993 541 3055 monumenta
568 3011 673 3074 sacra,
706 3011 807 3074 eaque
840 2991 1001 3054 vetustate
1028 2989 1112 3054 alius
1140 2991 1187 3055 rei
1214 2991 1299 3056 inso

242 3168 268 3236 *)
288 3165 378 3235 Ipsius
397 3165 622 3238 interpretationi
646 3165 721 3234 quod
746 3182 798 3234 ego
822 3181 1021 3234 opposueram,
1048 3183 1148 3236 parum
1171 3167 1323 3240 intellegi.

151 3256 187 3310 ad
202 3273 285 3324 quiem
299 3255 350 3309 illa
364 3259 524 3326 spectarent
537 3255 734 3310 allommseno
750 3255 945 3308 commendata
956 3254 1012 3309 ‘die
1024 3256 1155 3323 nefastad
1167 3256 1298 3324 sacdud’,

152 3342 182 3396 id
201 3359 283 3412 aegre
303 3359 435 3411 assequor
452 3343 592 3411 quomodo
615 3343 655 3396 eis
679 3341 815 3410 exemplis
838 3341 963 3396 diluatur
988 3359 1060 3411 quae
1080 3343 1298 3411 ‘quodammodo

152 3445 234 3499 posse
253 3429 420 3498 comparari’
441 3429 597 3484 contenditz
625 3429 748 3498 ‘flumem
770 3445 845 3482 same
862 3430 1040 3482 cormeatam'
1065 3433 1095 3484 et
1118 3431 1201 3486 ‘banc
1219 3451 1298 3488 oram

151 3518 248 3586 moab
271 3513 395 3574 dealbat?
443 3518 557 3574 Scilicet
579 3517 676 3573 addito
698 3519 798 3585 flamen
820 3518 933 3587 etquis
956 3517 984 3571 id
1003 3518 1094 3586 ipsum
1118 3519 1147 3574 in
1165 3524 1298 3592 promptu

152 3607 289 3677 estquod
312 3606 372 3662 illie
395 3608 596 3664 desiderabam.
621 3638 654 3647 -
679 3606 809 3662 Ceterum
833 3606 935 3676 quibus
958 3605 987 3662 in
1010 3607 1063 3662 bac
1086 3625 1184 3663 cauma
1205 3610 1321 3668 verbis.

152 3697 341 3752 Mommsenus
360 3697 460 3752 utitur:
487 3695 546 3751 ‘sed
566 3698 598 3750 ut
617 3713 740 3766 eaquae
758 3697 891 3766 proposui
914 3695 982 3752 satis
1006 3697 1126 3752 babeam
1145 3699 1186 3754 ita
1204 3699 1298 3756 delen·

152 3787 235 3854 disse,
254 3787 287 3840 ut
304 3803 365 3841 esse
383 3785 540 3856 potuerint,
567 3803 622 3839 non
646 3787 678 3839 ut
700 3784 741 3838 iia
764 3783 876 3840 omnino
899 3802 989 3856 neque
1008 3786 1091 3842 aliter
1110 3785 1236 3856 luerint',
1264 3807 1298 3844 ea

152 3877 369 3946 verbapossum
387 3891 499 3945 prorsus
517 3875 702 3929 mesfacere:
726 3891 778 3928 neo
800 3873 875 3929 enim
897 3873 975 3930 nullo
998 3877 1081 3946 pacto
1105 3893 1186 3946 posse
1205 3877 1297 3932 locum

152 3965 256 4020 habere
269 3963 436 4018 Mommseni
454 3963 592 4018 rationem
610 3962 869 4032 pronuntiarem,
889 3964 938 4019 sed
952 3964 1077 4020 diffidere
1092 3983 1136 4021 me
1155 3965 1198 4021 illi
1213 3967 1296 4022 certis

152 4055 257 4110 caussis
280 4053 376 4109 allatis
400 4052 636 4122 significaveram,
664 4068 715 4107 nec
738 4069 803 4108 mea
825 4053 986 4110 coniectura
1007 4053 1148 4124 professus
1171 4074 1232 4111 sum
1256 4056 1298 4114 ita

152 4161 197 4198 me
216 4143 368 4210 confidere,
386 4145 419 4198 nt
437 4141 592 4198 necessario
611 4140 653 4196 ita
669 4157 728 4196 rem
747 4141 830 4198 smne
845 4160 935 4212 neque
950 4144 1008 4200 ullo
1023 4144 1105 4200 modo
1119 4161 1200 4214 posse
1214 4145 1297 4202 aliter

153 4249 183 4286 se
201 4231 303 4288 babere
323 4231 528 4287 contenderem.
557 4229 712 4284 Prudenter
730 4231 825 4284 autem
844 4230 999 4288 dubitando
1018 4234 1048 4288 et
1066 4232 1125 4289 sine
1144 4234 1297 4290 acrimonia

153 4319 330 4390 obloquendo
349 4323 378 4377 et
395 4319 522 4376 modeste
542 4317 724 4374 coniectando
743 4317 820 4388 plns,
843 4319 896 4374 nisi
913 4319 1006 4388 fallor,
1023 4321 1054 4376 in
1072 4321 1116 4378 his
1134 4322 1237 4378 litteris
1255 4325 1298 4392 (ut

153 4407 182 4462 in
201 4410 340 4478 omnibus)
360 4401 446 4480 quani
463 4411 568 4465 temere
588 4407 726 4464 credendo
745 4409 774 4462 et
787 4407 973 4480 obsequenter
987 4411 1164 4469 assentiendo
1184 4416 1212 4468 et
1226 4411 1296 4469 nibil

152 4497 280 4552 audendo
297 4499 449 4568 proficitur.
