3166 5084
271 372 314 438 32
630 371 1055 462 nermrrrrvm2mermevu

270 533 374 597 cerdic
391 531 522 615 effugere
539 534 717 600 uiolentm
732 540 872 600 naturae.
888 571 930 583 —
949 533 1108 619 Excipere
1122 539 1232 601 autem
1246 557 1421 620 nospara-

270 641 323 704 tus
346 643 460 724 portus
483 640 538 704 ille
568 645 655 707 certo
679 662 745 707 non
773 640 814 706 ad
838 642 979 726 quietem
1002 659 1169 706 srrerrnu
1197 643 1301 708 dictus
1325 647 1377 706 est
1401 665 1422 707 a

270 746 462 831 Pomponio,
485 747 541 812 sed
561 747 629 812 sine
649 747 719 813 ulla
735 749 956 814 controversia
977 766 1422 832 murmura-reamari,

271 855 385 936 aperta
408 852 591 918 imitatione
618 852 739 939 Plauti,
767 853 931 939 Amphitr.
950 851 1258 938 1‚·1‚123:‘Neq1e
1284 875 1335 937 epo
1363 855 1423 920 leuc

270 965 354 1024 nocte
376 960 542 1042 innumera
563 980 611 1025 me
631 961 742 1027 induce
764 981 874 1040 museo,
898 962 973 1027 Nisi
991 963 1096 1027 eruam
1113 983 1225 1046 unum,
1247 963 1422 1036 verberatas

271 1085 365 1148 quum
384 1069 514 1151 pependi
530 1074 691 1151 perpetem.
733 1068 814 1134 lbid:
837 1067 879 1152 ΙΙ,
902 1069 932 1146 2,
954 1068 1030 1133 100:
1056 1068 1112 1133 Ia·
1134 1069 1239 1134 certavi
1261 1073 1354 1150 utque
1375 1068 1423 1131 rui

271 1176 371 1256 quievi
388 1177 424 1240 iu
445 1177 658 1242 nuci-uoeiem
674 1179 837 1259 perpetem.
871 1174 917 1240 Et
939 1174 1031 1240 'l'rue
1046 1174 1089 1258 ΙΙ,
1104 1177 1133 1258 2,
1148 1176 1205 1241 23:
1229 1173 1364 1258 (Jamque
1386 1195 1422 1240 eo

271 1282 317 1344 itu
339 1285 454 1346 uocem
476 1283 512 1346 ia
533 1283 710 1346 strumentis
726 1283 908 1362 moure
926 1286 1086 1363 perpetuu.
1127 1281 1220 1348 Adde
1242 1281 1422 1348 Pacuvium

272 1386 360 1452 Festi
384 1411 414 1472 p.
433 1389 497 1453 217
517 1386 577 1453 M.:
603 1387 684 1452 huuc
706 1407 830 1468 operum
855 1387 934 1452 mici
956 1389 1007 1452 cles
1023 1393 1190 1472 perpetem,
1220 1389 1422 1473 eundemque

271 1493 372 1560 Nouii
398 1517 430 1579 p.
455 1495 513 1560 88:
545 1496 778 1560 concorditutem
802 1499 957 1576 perpetem
980 1494 1135 1576 probitate
1166 1497 1351 1561 coriscum.
1374 1532 1424 1542 -

272 1599 388 1666 Restat
413 1605 449 1666 ut
476 1606 620 1667 extremo
649 1621 742 1666 versu
771 1600 938 1666 laudemus
966 1603 1053 1666 reete
1083 1623 1102 1664 a
1129 1599 1343 1666 Mommsenio
1370 1602 1423 1666 in-

273 1711 454 1773 stauratum
479 1725 604 1775 monac
619 1742 626 1758 ·
642 1727 786 1772 vrrrrr·
801 1728 950 1772 erenum.
1002 1705 1062 1772 Oui
1095 1709 1183 1773 aliud
1216 1709 1423 1792 supplemen-

272 1818 355 1898 tum,
386 1832 565 1882 uorucvn·
585 1836 679 1880 vorle
692 1849 698 1862 ·
713 1831 813 1878 nicar
847 1835 885 1878 ea
912 1813 1041 1879 demum
1074 1809 1263 1880 condicicne
1294 1813 1422 1880 adicere

273 1920 353 2006 (non
373 1919 554 2008 praeferre)
577 1921 694 2005 ausim,
724 1923 761 1984 ut
784 1921 887 1986 denuo
911 1921 1057 2005 inspecto
1077 1921 1184 2006 lapide
1206 1939 1308 1988 neca
1331 1921 1423 1988 litte-

272 2048 343 2091 rem
366 2043 484 2092 nonno
509 2027 597 2093 vocis
621 2047 681 2092 nec
703 2045 715 2091 1
742 2030 818 2110 post
840 2027 990 2092 lacunam
1018 2031 1107 2093 certa
1130 2050 1200 2094 esse
1224 2029 1423 2114 apparuerit.

361 2134 564 2218 Explicatius
598 2137 631 2200 et
661 2137 827 2219 tamquam
863 2133 1017 2199 familiari
1050 2135 1255 2201 enarratione
1290 2134 1423 2200 Bassuli

273 2241 450 2306 versiculos
468 2241 694 2325 tractavimus,
713 2245 811 2325 atquc
825 2239 1018 2324 singillatim
1033 2242 1195 2324 persecuti
1213 2262 1323 2306 sumus
1337 2263 1423 2325 quae

272 2351 450 2432 potuerunt
473 2363 570 2431 sene,‘
594 2347 621 2412 si
646 2347 750 2413 doctis
778 2346 1006 2430 scriberemus,
1036 2347 1140 2413 multo
1164 2348 1293 2414 brevius
1315 2352 1424 2414 mans-

273 2453 336 2540 igi:
360 2453 416 2520 sed
439 2453 682 2520 excusationem
704 2453 801 2520 nobis
824 2475 862 2519 co
884 2453 957 2538 ipso
982 2475 1052 2520 csse
1075 2458 1224 2539 paratam
1245 2475 1424 2541 speramus,

273 2561 359 2646 quod
381 2561 447 2627 iam
471 2557 600 2647 saepius
620 2560 759 2646 professi
783 2583 892 2626 sumus
917 2561 1116 2627 discentibus
1134 2563 1244 2646 potius
1262 2561 1342 2627 haec
1359 2584 1423 2627 nos

272 2670 440 2754 prooemia
462 2691 559 2754 quam
587 2669 690 2734 doctis
715 2668 864 2734 scribere.
907 2667 1030 2733 Verum
1053 2672 1164 2734 tamen
1187 2691 1288 2735 unum
1311 2690 1422 2754 super·

273 2779 336 2860 est,
367 2797 431 2861 quo
458 2797 525 2843 non
552 2775 701 2858 expedito
729 2775 903 2840 verendum
931 2797 972 2840 ne
1000 2776 1170 2860 pristinam
1197 2775 1423 2861 integritatem

273 2881 478 2948 venustulum
506 2903 638 2947 carmen
665 2881 798 2946 minime
827 2880 903 2946 dum
930 2884 1176 2966 recuperaverit
1220 2881 1341 2967 Ecquis
1370 2887 1424 2948 est

274 2989 373 3072 enim,
396 2987 451 3072 qui
475 2988 543 3052 sine
567 2987 744 3054 offensione
767 2985 918 3053 versasti
942 2988 1041 3053 verba
1059 2989 1161 3074 legat:
1183 2989 1227 3055 Id
1243 2989 1424 3072 auleone

273 3100 318 3160 eet
334 3093 449 3160 uariis
466 3095 649 3160 mimum
667 3095 722 3160 diu
739 3094 801 3158 -l
837 3092 926 3170 Quae
948 3116 1015 3160 uon
1033 3097 1163 3160 tantum
1182 3095 1263 3161 mire
1282 3095 1424 3180 abrupta

274 3223 344 3267 esse
367 3200 506 3286 sentitis,
530 3200 585 3266 sed
607 3221 648 3266 ne
671 3225 691 3266 a
714 3199 880 3266 latinitate
904 3199 1034 3284 quidem
1058 3223 1145 3267 sane.
1187 3199 1256 3266 Nec
1279 3203 1364 3266 enim
1387 3201 1425 3267 in

275 3332 313 3376 eo
336 3307 495 3374 sermonis
517 3328 644 3392 genere,
667 3308 818 3373 adonius
837 3307 1020 3392 exemplum
1038 3311 1145 3373 totum
1165 3329 1234 3374 sese
1253 3308 1307 3373 hie
1324 3312 1425 3392 poeta

275 3415 470 3498 composuit,
501 3416 685 3480 mundatem
712 3416 819 3481 locum
846 3415 947 3481 habet
976 3437 1035 3499 pro
1063 3416 1247 3481 inundatum
1275 3419 1330 3498 cst,
1361 3435 1424 3480 nce

274 3523 457 3587 inundatum
484 3525 526 3586 cst
549 3521 630 3586 satis
654 3521 725 3586 fluit
748 3523 816 3587 sine
838 3521 918 3586 milri
940 3521 1059 3588 dativo.
1105 3521 1364 3607 Aequiescercm‚
1394 3521 1425 3585 si

274 3630 463 3715 legeremus,
487 3627 571 3712 quod
593 3649 660 3694 non
683 3627 764 3713 legit
787 3627 1021 3694 Mommsenius
1045 3648 1105 3692 nec
1128 3631 1164 3692 ut
1187 3627 1314 3693 videtur
1337 3625 1424 3692 Gue-

275 3739 379 3822 rinus,
409 3735 648 3801 veludunum
675 3734 724 3798 vel
752 3751 949 3800 menonem
978 3733 1029 3799 vel
1053 3749 1257 3798 monueram.
1302 3732 1423 3810 Quam·

276 3867 373 3930 quam
392 3843 444 3910 vel
459 3843 504 3908 sic
518 3840 644 3907 hiatum
658 3841 797 3926 aliquem
812 3840 1045 3907 sententiarum
1061 3841 1294 3924 persentiscere
1304 3837 1424 3906 videor.

275 3951 510 4036 Exspectamus
534 3947 620 4014 euim
643 3947 732 4031 prius
752 3970 850 4033 quam
868 3946 1118 4032 intolerabilem,
1141 3947 1244 4012 vitam
1262 3945 1325 4012 dici
1342 3945 1424 4010 tole-

276 4059 413 4124 rabilem
435 4057 547 4139 fuissc,
570 4059 603 4120 et
621 4057 752 4138 poetam
771 4054 880 4138 aliqua
898 4053 1098 4120 iucunditate
1117 4052 1312 4118 delectatum
1331 4051 1424 4136 prius

276 4187 373 4251 quam
395 4165 547 4228 vexatum
570 4161 793 4227 incommodis.
831 4161 876 4226 m
898 4161 974 4225 talis
997 4158 1176 4224 versiculus
1200 4180 1331 4244 prorsus
1354 4180 1425 4224 non

276 4272 460 4338 dubitamus
483 4267 562 4356 quin
580 4269 664 4334 iuter
682 4291 710 4332 v.
728 4269 748 4333 8
768 4267 839 4332 et9
864 4265 1034 4350 exciderit,
1058 4265 1228 4331 oscitantis
1251 4269 1287 4331 ut
1309 4265 1347 4329 fit
1369 4267 1423 4330 vel

276 4380 365 4446 aliud
387 4377 514 4465 agentis
537 4375 695 4461 lapicidae
717 4373 926 4461 neglegentia
949 4371 1097 4438 omissus.

364 4485 459 4551 Nunc
490 4486 590 4572 igitur
622 4489 659 4550 ut
691 4482 931 4567 comprehensis
969 4479 1119 4545 omnibus
1154 4499 1313 4544 summam
1346 4481 1424 4545 ante
