3216 5082
555 361 813 454 svvrnsimnrr
836 407 857 454 1.
879 407 915 454 11.
1239 389 1304 455 509

158 547 228 611 eius
256 545 444 612 enuntiandi
473 547 699 632 ambiguitatis
728 551 761 612 ct
788 549 955 632 tamquam
983 547 1216 614 mediocritatis
1239 569 1305 614 cer·

158 657 227 718 tam
250 658 361 719 notam
386 676 407 718 a
425 654 645 739 grammaticis
674 677 745 720 esse
771 653 937 719 iuventam
959 653 1188 740 intellegimus,
1214 654 1305 719 cuius

158 760 263 844 primo
287 783 373 826 nunc
395 761 588 828 documento
611 783 762 826 nummus
785 762 842 826 ille
861 760 1004 828 Cossutii
1028 760 1203 827 Maridiani
1225 759 1305 826 Cac-

159 869 307 934 sarianus
326 867 457 954 prodiit.
490 869 604 954 Neque
623 869 708 932 enim
727 868 827 934 aliam
846 869 911 933 rim
930 889 1001 933 esse
1019 869 1121 934 mirae
1135 867 1251 934 PARu
1262 866 1306 933 :S

158 976 338 1059 scripturae
360 973 550 1040 Fabrettius
573 974 716 1059 pervidit
736 997 870 1059 prorsus
893 975 1115 1060 probabiliter.
1152 974 1221 1040 Nec
1238 976 1305 1040 tale

158 1082 346 1147 institutum
369 1081 543 1147 mirabitur
565 1081 634 1167 qui,
658 1084 738 1166 quot
755 1081 894 1146 artificia
916 1081 1121 1167 grammatici
1145 1081 1240 1147 latini
1263 1083 1305 1146 ad

160 1189 401 1275 exaequandam
419 1211 491 1254 cum
510 1189 586 1256 vira
603 1210 681 1254 voce
700 1189 920 1254 litteraturam
939 1187 1194 1274 excogitaverint
1208 1211 1306 1273 quan-

159 1300 257 1382 toque
286 1297 320 1362 in
348 1297 411 1362 hoc
439 1317 556 1381 genere
585 1296 693 1362 studio
722 1296 974 1381 elaboraverint,
1008 1296 1204 1361 meminerit:
1241 1318 1305 1380 quo

158 1407 288 1489 praeter
310 1405 375 1469 alia
398 1408 432 1469 et
455 1404 639 1488 geminatio·
652 1404 814 1470 vocalium
836 1404 978 1489 pertinet
1001 1406 1034 1468 et
1053 1403 1210 1488 aspiratio
1230 1425 1305 1469 con·
1406 1401 1409 1414 '

160 1510 345 1576 sonantium
373 1502 445 1576 etl
468 1511 586 1597 longae
612 1511 758 1577 inventio
787 1515 821 1576 et
847 1510 894 1576 ΕΙ
921 1511 1118 1597 diphthongi
1144 1533 1305 1577 commen·

160 1617 248 1682 datio
271 1621 305 1682 et
328 1617 430 1700 apicis
452 1639 529 1683 usus
552 1621 586 1682 et
605 1617 735 1702 sicilici,
757 1617 837 1682 item
857 1637 992 1702 gracum
1010 1619 1039 1681 Υ
1057 1618 1200 1682 litterae:
1222 1617 1305 1682 nihil

159 1728 196 1787 ut
219 1724 258 1788 de
281 1724 401 1788 litteris
426 1720 613 1788 Claudianis
637 1723 752 1788 dicam.
799 1721 867 1787 Nec
890 1724 943 1788 vel
967 1724 1067 1788 aetati
1091 1721 1306 1789 Caesarianae

160 1829 213 1894 vel
239 1829 445 1894 nobilissimo
476 1829 688 1916 grammatico
717 1826 851 1893 Caesari
881 1828 944 1913 ipsi
977 1829 1093 1922 talium
1125 1829 1305 1895 studiorum

161 1935 433 2020 consiliorumque
466 1937 644 2000 sectatores
678 1939 775 2021 atque
806 1936 989 2002 administri
1017 1936 1161 2002 defuere:
1193 1935 1306 2022 quales

161 2040 347 2107 Cornelium
365 2039 545 2125 Epicadum
569 2064 662 2107 suum
687 2040 778 2108 Sulla
800 2041 925 2128 habuit,
947 2041 1109 2109 Lenaeum
1123 2041 1306 2127 Pompeius,

161 2147 329 2234 Augustus
352 2148 503 2216 Verrium
526 2148 687 2216 Flaccum.
723 2147 773 2214 De
796 2171 860 2235 quo
883 2149 949 2214 iam
967 2148 1073 2215 Musei
1091 2147 1194 2215 Rhen.
1217 2153 1241 2214 t.
1258 2147 1306 2214 IX

160 2279 190 2341 p.
213 2257 253 2347 14
271 2259 395 2341 ¹[supra
421 2281 452 2342 p.
472 2258 552 2339 227]
580 2257 857 2342 significabamus,
890 2257 1081 2341 explicatius
1114 2256 1192 2321 alibi
1219 2278 1305 2321 com-

160 2357 386 2428 mentabimur.

523 2791 832 2886 supplementum
860 2790 945 2892 II.*)

498 2945 578 3017 (cam
600 2947 699 3005 tabula
722 2947 976 3020 nuographa**)).

248 3111 277 3177 E
301 3113 425 3197 priscae
454 3112 627 3178 latinitatis
654 3113 775 3198 titulis,
806 3113 860 3198 qui
883 3111 960 3177 novi
983 3111 1017 3177 in
1040 3116 1194 3196 promptu
1218 3115 1304 3198 sunt,
1320 3141 1359 3181 ur

161 3241 216 3286 eos
239 3223 306 3284 tres
329 3219 392 3284 hoc
415 3219 518 3286 altero
543 3217 848 3305 supplementorum
877 3218 1033 3286 fasciculo
1058 3219 1191 3302 sociavi,
1223 3241 1305 3304 quos

160 3325 292 3390 tabulae
315 3326 409 3390 unius
432 3327 558 3391 ambitu
585 3326 751 3391 commode
778 3347 875 3410 posse
903 3322 1131 3408 comprehendi
1154 3324 1305 3389 viderem.

160 3431 283 3496 Eorum
306 3433 461 3517 primum,
483 3433 529 3516 A,
553 3432 696 3498 nondum
719 3431 839 3496 editum
861 3432 897 3496 in
917 3431 969 3496 his
988 3431 1097 3514 terris,
1121 3430 1244 3514 sumpsi
1267 3452 1305 3494 ex

161 3537 236 3602 Iulii
260 3537 446 3603 Minervinii
469 3536 673 3603 ‘Bullettino'
697 3537 943 3622 archaeologico
966 3536 1091 3618 Italico,
1120 3535 1176 3601 ubi
1200 3559 1304 3602 exem-

162 3643 217 3728 plo
246 3643 485 3730 chalcographo
514 3667 683 3730 expressus
711 3648 761 3709 est
788 3644 824 3708 in
850 3643 917 3708 tab.
941 3643 1011 3708 add.
1034 3643 1066 3708 A
1093 3643 1266 3710 voluminis
1289 3643 1305 3708 Ι

162 3747 252 3836 (anni
278 3749 391 3836 1861),
417 3751 539 3818 fusiore
566 3751 800 3818 commentario
830 3753 998 3816 enarratas
1027 3747 1238 3817 aDominioo
1267 3751 1306 3817 de

162 3856 359 3924 Guidobaldi
381 3857 458 3923 ibid.
481 3881 512 3943 p.
533 3858 596 3924 113
616 3881 685 3944 sqq.
710 3862 743 3924 et
768 3858 829 3923 129
850 3879 932 3943 sqq,
959 3857 1063 3924 denuo
1086 3858 1198 3941 paucis
1221 3862 1306 3923 trac

160 3967 250 4031 tatus
274 3987 294 4030 a
316 3964 484 4049 Raphaele
502 3965 677 4032 Gurrncoio
701 3988 730 4049 p.
747 3966 810 4030 165
831 3963 878 4048 [C.
893 3965 917 4030 l.
931 3965 966 4030 L.
985 3965 1002 4030 Ι
1019 3987 1051 4029 n.
1069 3965 1154 4032 1505
1172 3989 1202 4050 p.
1217 3967 1306 4048 559].

161 4072 322 4158 Repertus
345 4076 396 4137 est
418 4072 535 4137 titulus
559 4071 594 4136 in
612 4072 684 4157 agri
699 4070 834 4137 Caleni
858 4095 897 4136 ea
918 4075 1011 4157 parte
1035 4071 1085 4136 cui
1103 4073 1167 4136 uico
1181 4071 1306 4137 Polutic

161 4199 373 4208 -——-—-

249 4247 486 4320 '‘)[Prooeminm
514 4247 616 4303 Indicis
644 4248 802 4303 scholarum
831 4247 1001 4303 aestivarum
1029 4246 1217 4302 Bonnensium
1240 4249 1307 4303 anni

163 4333 422 4393 CIOIOCCCLXIII.
459 4337 488 4392 C.
503 4337 561 4410 W.]

231 4425 273 4494 ⁸)
293 4425 379 4498 [Olim
393 4426 459 4482 huic
473 4424 703 4482 commentationi
717 4425 826 4481 adnexa
843 4425 943 4482 tabula
959 4441 1033 4480 nunc
1052 4424 1103 4480 sub
1122 4425 1186 4481 XVI
1204 4427 1307 4484 iterato

162 4514 212 4567 est
250 4513 280 4570 C.
293 4513 351 4585 W.]

224 4611 236 4638 ι
