3246 5074
294 373 297 380 ,
327 337 393 402 548
563 351 704 401 cursous
728 351 956 400 nsrrurssrrs
980 350 1239 400 nernssrnscss

327 496 395 560 deri
418 500 547 580 poterat
570 519 632 581 quo
656 497 939 562 commentabatur
960 496 1159 582 Borghesius
1183 495 1203 559 i.
1221 516 1247 558 e.
1271 515 1356 558 nuno
1379 493 1471 574 1831,

327 607 436 668 tumen
464 607 539 687 post
565 604 702 692 repertis
730 604 804 669 uliis
832 604 963 668 tesseris
991 603 1115 668 duabus
1143 601 1240 686 plone
1270 591 1470 666 intellectum
1580 629 1581 648 ι

327 713 378 774 est
400 709 464 774 diei
488 710 710 794 omissionem,
738 732 802 795 qus
829 709 885 774 ille
913 710 955 774 ed
982 731 1074 774 susm
1103 708 1320 774 coniecturam
1343 708 1471 772 firman·

327 815 402 880 dum
424 815 585 902 utebatur,
607 817 740 882 omnino
760 839 964 882 communem
983 837 1052 882 esse
1071 815 1312 898 municipalium
1332 815 1384 878 rel
1402 836 1471 900 pro

328 921 512 986 vincinlium
532 922 685 988 omnium.
718 919 818 987 Cuius
836 923 883 986 rei
902 944 974 988 cum
991 921 1185 986 Mutinensis
1204 920 1262 984 ills
1280 925 1472 1006 argumento

327 1032 378 1094 est
400 1051 419 1094 s
443 1027 625 1096 Onvedonio
653 1028 820 1112 publicato
848 1027 883 1114 (l.
907 1052 932 1095 s.
955 1052 980 1094 s.
1010 1051 1041 1113 p.
1063 1027 1123 1092 197
1148 1049 1178 1091 u.
1199 1027 1277 1112 7433
1313 1027 1349 1093 P.
1374 1027 1409 1093 L.
1431 1027 1472 1092 M.

326 1135 364 1200 Ε.
387 1137 452 1202 tab.
476 1136 526 1201 III
541 1137 585 1201 M
604 1134 709 1216 [Tess.
733 1137 818 1220 glad.
841 1160 872 1202 n.
891 1137 935 1202 35
958 1137 1068 1219 ibique
1091 1135 1157 1200 tub.
1176 1132 1226 1198 llI
1244 1131 1318 1218 G]):

635 1717 948 1822 ‘osssn'n‘r‘r'o
986 1793 992 1806 -
1026 1717 1157 1822 cos*

327 1941 409 2002 tum'
428 1959 529 2021 nuper
561 1937 690 2001 demum
719 1959 738 1999 a
766 1935 967 2001 Mommseno
996 1955 1027 2018 p.
1045 1935 1108 1998 201
1138 1957 1169 1998 n.
1188 1933 1289 1997 ruta
1321 1955 1339 1997 e
1367 1935 1475 2000 codice

327 2043 478 2108 Leidensi
510 2041 544 2106 in
577 2043 680 2106 lucem
710 2045 878 2126 protractu
906 2041 1109 2106 Arelatensis
1143 2039 1245 2120 [ress.
1274 2040 1360 2124 glad.
1384 2064 1415 2105 ιι.
1437 2043 1475 2106 12

327 2149 436 2232 ibique
459 2149 525 2213 tub.
544 2149 576 2213 II
595 2149 655 2230 Z]:
727 2209 731 2218 ,

629 2316 1167 2383 promuntunum-s

684 2427 1088 2535 sorensium*
1128 2428 1134 2432 ’
1165 2427 1184 2432 ἡ

611 2581 645 2585 “’
685 2581 890 2685 ιιιιΝεί
914 2656 920 2668 ·
945 2580 1087 2684 sunu
1136 2581 1165 2584 “

500 2751 505 2762 “
621 2731 662 2833 ir
686 2807 692 2818 -
712 2732 874 2836 v'u—-o
901 2807 908 2820 ·
940 2731 1048 2835 un·
1067 2731 1181 2836 'cos‘

327 2949 449 3013 Verum
476 2949 555 3013 haec
583 2953 693 3014 tamen
721 2950 829 3013 omniu
856 2971 921 3013 non
949 2949 1132 3033 impediunt
1158 2948 1329 3035 quominus
1358 2973 1418 3034 per
1441 2973 1473 3014 se

328 3057 473 3136 spectata
496 3053 668 3140 Borghesii
693 3055 886 3140 coniectura,
908 3060 1065 3138 quatenus
1084 3056 1212 3141 quidem
1231 3055 1271 3119 ed
1290 3057 1472 3122 consularis

327 3160 501 3243 potcstatis
525 3159 796 3225 intermissionem
819 3160 973 3246 pertinet,
999 3165 1032 3225 et
1055 3165 1120 3227 stet
1143 3161 1322 3226 rectissime
1346 3167 1379 3228 et
1402 3185 1471 3249 grn-

328 3289 401 3332 vem
425 3289 444 3332 a
466 3272 579 3333 nostre
607 3270 731 3332 tessera
758 3265 956 3333 Londinensi
985 3269 1296 3334 commendationem
1325 3271 1472 3355 accipiet.

328 3373 390 3439 Sed
413 3373 639 3460 progredimur
661 3373 791 3460 longius
815 3365 982 3458 eidemque
1013 3374 1097 3440 hunc
1120 3375 1225 3460 ipsam
1250 3398 1335 3440 anuo
1358 3377 1471 3441 tribui-

328 3503 398 3546 mus
423 3503 518 3566 quem
541 3481 739 3547 Heinsianse
767 3503 827 3545 sue
856 3481 1122 3564 interpretatione
1145 3481 1345 3566 Borghesius
1368 3481 1471 3548 vindi-

293 3607 314 3645 Χ
329 3589 423 3653 eavit.
460 3588 529 3653 Nec
552 3589 638 3652 enim
662 3589 751 3652 illius
776 3587 904 3673 quidem
928 3588 961 3652 in
982 3609 1044 3672 qus
1067 3611 1234 3654 versemur
1252 3591 1370 3654 astutis
1388 3589 1472 3654 nlius

327 3717 431 3759 annus
454 3695 487 3758 in
510 3699 662 3778 promptu
691 3701 753 3780 est,
782 3695 837 3780 qui
866 3696 1060 3760 omissorum
1087 3717 1115 3762 ι.
1138 3695 1167 3759 (1.
1187 3695 1217 3760 V
1240 3695 1285 3760 ld.
1308 3695 1376 3762 Iun.
1399 3719 1473 3762 cou-

328 3803 432 3867 sulum
460 3805 530 3866 tum
557 3807 678 3866 certam
706 3807 985 3886 conteststnmque
1018 3825 1165 3868 caussam
1192 3803 1348 3888 praebent
1376 3825 1471 3888 quam

327 3911 381 3994 qui
406 3915 455 3974 est
478 3907 519 3972 ab
542 3930 572 3971 u.
596 3929 621 3970 e.
641 3908 714 3991 701,
743 3908 798 3992 qui
825 3931 883 3992 per
910 3931 965 3974 sex
993 3931 1118 3974 menses
1148 3909 1295 3994 integros
1323 3909 1472 3975 consules

328 4015 459 4080 omnino
482 4013 589 4078 nullos
614 4013 707 4078 vidit:
735 4015 819 4079 unde
842 4015 912 4079 fieri
936 4015 1067 4080 omnino
1095 4037 1161 4080 non
1183 4016 1292 4100 potuit
1315 4016 1393 4100 quin
1417 4021 1474 4081 sut

328 4125 403 4206 post
429 4141 572 4185 mensem
601 4121 729 4185 demum
758 4121 886 4186 Iunium
919 4121 1088 4187 consulum
1120 4122 1252 4188 nomino
1279 4122 1473 4187 adderentur

327 4227 420 4292 utin
441 4225 620 4293 Heinsisna
643 4233 778 4306 tessere,
802 4233 860 4293 aut
882 4229 929 4292 eis
953 4229 1138 4293 nominibus
1162 4229 1360 4292 destinatum
1385 4228 1472 4294 latus

327 4337 468 4399 tesserae
492 4333 642 4416 ἄγραφον
666 4338 811 4400 maneret
833 4339 870 4399 ut
887 4335 922 4400 in
935 4333 1141 4400 Londinensi.
1159 4373 1196 4382 —
1219 4333 1369 4399 Ceterum
1387 4335 1473 4402 nihil

326 4439 389 4505 buc
416 4442 557 4525 pertinet
585 4442 670 4527 quod
698 4443 796 4506 trium
825 4445 952 4506 tuntum
980 4443 1118 4506 luterum
1148 4440 1393 4524 inscriptionem
1417 4442 1474 4510 hn-
