3166 5084
431 355 642 417 uuuuuu'iuu
665 367 708 415 zu
733 369 805 415 nun
829 367 897 414 uux
921 369 1058 416 uvuiuu.
1275 352 1313 416 71

164 515 383 595 cuempiuniur
406 512 490 576 ohne
513 517 603 576 curet.
639 509 685 574 Es
709 511 755 574 ist
776 532 838 576 nur
861 511 931 575 eine
955 509 1074 575 leichie
1089 510 1317 596 Anukuluthie‚

164 619 218 683 die
242 619 279 682 in
301 617 357 682 der
384 617 570 702 geuuhluen
592 615 741 700 Fuesung
769 616 864 700 hugi,
897 617 962 682 und
990 639 1075 682 zwar
1103 618 1234 684 bestehi
1262 618 1317 701 sie,

159 725 194 809 je
219 726 379 790 uaehdem
403 747 479 790 mun
504 725 582 808 will,
606 723 767 788 entweder
790 722 897 808 daun,
925 724 999 790 dese
1022 724 1114 790 nicht
1137 725 1193 790 der
1217 746 1317 810 genze

163 831 296 917 Begriff
314 831 371 895 der
393 830 539 896 Partikel
562 833 646 896 neiue
669 852 742 894 zum
757 828 901 895 Verbum
923 837 1006 897 curet
1029 832 1154 917 gehiirt,
1177 833 1316 897 eundern

162 961 203 1003 zu
233 938 357 1004 diesem
385 959 491 1024 genau
520 957 714 1022 genommen
740 959 802 1002 nur
820 959 870 1020 ue,
903 938 953 1003 die
977 938 1142 1023 Negation
1169 938 1316 1024 degegen

163 1045 327 1112 vielmehr
349 1069 387 1110 zu
406 1046 540 1110 iucludei
558 1045 704 1128 cormpei3
730 1044 807 1108 oder
821 1044 899 1108 aber
913 1043 1015 1128 darin,
1038 1044 1113 1109 duee
1133 1067 1205 1110 zum
1220 1065 1316 1129 nege·

163 1155 255 1218 {iven
275 1153 368 1219 Seize
386 1153 445 1218 dae
458 1151 602 1216 Verbum
625 1155 709 1216 curet
731 1149 922 1216 wiederholt
946 1151 991 1214 ist
1014 1154 1096 1216 stati
1118 1151 1206 1216 eines
1224 1153 1316 1217 nieht

163 1259 304 1344 activeu,
328 1259 466 1324 eundern
485 1257 637 1342 passiven
655 1256 802 1343 Begriffs.
826 1257 917 1322 Nueh
937 1257 1165 1324 heursehurfer
1180 1257 1316 1343 Syntmz,

162 1368 225 1431 wie
255 1365 302 1430 sie
330 1366 409 1430 aber
437 1365 542 1430 dieser
570 1363 780 1430 Geseizeestil
810 1364 892 1430 auch
920 1367 956 1430 in
984 1367 1104 1431 andern
1132 1366 1315 1450 Beispieleu

160 1474 258 1539 nicht
286 1473 388 1538 selieu
417 1471 651 1558 verleugnei*),
686 1493 752 1535 wer
785 1475 879 1536 unier
911 1471 984 1536 dem
1015 1478 1121 1538 ersten
1151 1471 1313 1540 Gesiuhts·
1328 1491 1368 1530 4⁵⁵

254 1631 281 1700 ⁸)
300 1631 392 1685 Dehin
412 1629 526 1700 gehbrt,
545 1647 590 1682 um
611 1627 656 1682 bui
671 1645 781 1682 uueerm
797 1625 913 1682 Geuetze
932 1629 1020 1684 selbei
1033 1631 1132 1685 etehun
1146 1649 1178 1685 zu
1193 1631 1315 1698 bleiben,

159 1741 184 1778 z.
202 1723 232 1775 B.
253 1721 300 1775 die
326 1719 397 1774 ueeh
420 1719 484 1773 dem
502 1717 657 1772 Meueetebe
676 1715 922 1786 durchgebildeter
939 1718 1154 1789 Spraehfiiguug
1172 1721 1245 1775 doch
1264 1737 1315 1774 nur

159 1812 304 1866 incurrent
318 1828 352 1863 zu
365 1808 510 1864 neunende
522 1805 697 1876 Einifihruug
711 1805 759 1860 dee
774 1805 1044 1862 Demonstrauvumu
1064 1809 1135 1862 neeh
1155 1809 1217 1862 dem
1233 1809 1313 1863 Rele

158 1899 253 1955 tivum
272 1899 302 1953 iu
321 1898 420 1952 Fulleu
443 1895 496 1950 wie
516 1897 548 1964 ΙΙ,
568 1900 614 1950 29:
645 1893 732 1948 ‘eum
756 1895 837 1962 rein,
866 1911 951 1962 quae
974 1896 1024 1950 ita
1046 1897 1088 1951 eb
1111 1915 1148 1951 eo
1174 1899 1315 1966 petetur

158 1991 248 2045 deve
268 2006 306 2042 ea
325 2005 358 2042 re
377 1988 460 2054 (etuti
478 1987 540 2040 deve
558 1986 624 2054 qua)
644 2001 715 2037 cum
735 1999 773 2037 eo
792 1985 939 2053 agetur’,
958 1985 1015 2038 und
1034 1986 1068 2054 ΙΙ,
1088 1991 1136 2042 88:
1158 1986 1207 2040 ‘de
1227 2004 1278 2055 eu,
1297 2003 1315 2040 a

159 2096 226 2149 quo
251 2095 290 2131 eu
314 2094 366 2130 res
389 2075 440 2129 ita
462 2075 600 2143 petetur
619 2089 762 2142 quomve
786 2089 823 2126 eo
842 2074 924 2140 (etati
941 2089 1051 2142 quemve
1068 2079 1133 2143 quo)
1157 2075 1195 2128 du
1218 2091 1257 2128 ea
1279 2093 1313 2130 re

159 2169 212 2223 itu
232 2165 384 2238 agetur’.
421 2164 512 2218 Dehin
532 2162 632 2232 gehbrt
651 2163 743 2216 feruet
761 2163 810 2215 dur
830 2163 893 2216 eehr
911 2163 980 2218 freie
999 2163 1146 2220 Gubruuoh
1167 2165 1216 2220 dee
1232 2167 1313 2221 Rela-

159 2259 279 2325 tivume,
302 2253 384 2309 nieht
406 2273 458 2307 nur
476 2252 505 2306 in
524 2269 554 2307 uo
579 2252 667 2306 leicht
690 2251 915 2306 vereiiindliehen
933 2251 1064 2306 Formeln
1089 2254 1140 2308 wie
1168 2255 1201 2308 id
1224 2255 1312 2308 iudi-

159 2348 265 2414 cium,
290 2361 357 2414 qua
380 2343 419 2397 de
442 2361 476 2398 re
500 2341 617 2412 egitur
639 2341 706 2396 oder
734 2356 771 2395 eo
795 2339 942 2406 nomine,
975 2359 1040 2409 qua
1063 2343 1100 2397 du
1125 2361 1158 2397 re
1183 2343 1312 2413 agitur,

158 2435 242 2491 nicht
260 2451 313 2488 nur
330 2433 359 2486 iu
379 2432 482 2486 kurzeu
498 2430 737 2486 Zwisehenuuzen
757 2428 808 2484 wie
828 2430 892 2496 H,2
911 2430 940 2484 ‘a
958 2447 1193 2500 quoquumque
1212 2451 1311 2502 pecu·

136 2524 217 2579 'nia
238 2553 270 2562 -
290 2521 444 2592 petei'ur,
463 2537 549 2594 quae
569 2518 844 2586 ree(fi1rsieareu)
864 2535 927 2572 uon
947 2519 1056 2587 pluris
1076 2519 1125 2572 HS
1145 2519 1200 2573 XV
1220 2521 1312 2590 erit’,

158 2613 281 2668 eundern
301 2608 491 2664 uornehmlich
511 2626 558 2661 zur
577 2607 739 2675 Einleituug
762 2605 838 2660 eines
857 2605 1067 2674 Vordereaizee,
1093 2607 1156 2662 dem
1180 2609 1239 2663 sich
1263 2611 1313 2664 der

159 2702 303 2757 Necheatz
320 2697 463 2753 entweder
482 2697 554 2751 ohne
573 2695 699 2750 Purtikel
718 2693 785 2749 oder
804 2711 886 2763 eogur
905 2693 958 2748 mit
975 2695 1044 2748 tum
1064 2695 1237 2750 uuechlieest.
1276 2699 1312 2752 So

158 2791 194 2860 ΙΙ,
214 2796 262 2844 19:
284 2787 450 2858 ‘quoique
474 2786 511 2854 (d.
531 2785 549 2839 i.
567 2787 658 2854 seique
681 2787 752 2854 quis)
776 2801 889 2838 eorum
913 2801 1011 2851 quem
1033 2816 1062 2822 --
1084 2785 1252 2853 danem,
1278 2785 1312 2841 id

157 2881 190 2937 ei
214 2877 330 2934 fraudi
355 2895 393 2932 ne
416 2875 517 2941 eeio’5
541 2875 566 2944 1,
582 2881 611 2928 ’τι
632 2873 710 2942 ‘qua
733 2873 771 2927 de
795 2891 829 2928 re
853 2872 997 2941 quinque
1017 2873 1054 2942 (d.
1069 2873 1086 2928 i.
1106 2875 1144 2927 sei
1162 2876 1223 2942 quie
1246 2877 1313 2930 oder

155 2987 241 3040 quom
259 2970 321 3038 quie
340 2967 372 3020 de
389 2983 445 3034 que
463 2965 502 3032 re)
522 2965 556 3018 et
572 2981 591 3017 a
609 2980 674 3031 quo
694 2993 725 3001 -
742 2961 899 3030 accipere
919 2963 1015 3018 volet
1033 2965 1067 3016 ut
1081 2993 1113 3002 -
1129 2963 1311 3032 iuraverit,

155 3065 230 3114 tum
249 3058 278 3112 ie
298 3087 328 3096 -
351 3054 437 3109 eatis
457 3054 536 3108 dare
555 3053 704 3118 iubet0'3
738 3053 761 3118 1,
785 3059 828 3106 12:
851 3051 939 3120 ‘quei
963 3070 1075 3107 eorum
1100 3051 1151 3106 ita
1174 3071 1237 3108 nou
1261 3072 1310 3109 re·

155 3144 402 3220 promeiueerit
426 3175 475 3208 -,
504 3145 572 3196 ium
601 3139 828 3210 magistratus
849 3173 878 3178 --
900 3140 952 3194 ius
975 3141 1131 3196 ‹leieit0’.
1169 3141 1247 3197 Alles
1267 3163 1311 3198 zu-

156 3254 287 3293 sammen
306 3235 358 3288 hui
375 3251 439 3288 meu
464 3232 493 3286 in
517 3232 566 3285 der
589 3229 680 3284 euhier
703 3229 948 3283 abenteuerlicheu
972 3229 1102 3298 Periode,
1130 3231 1235 3286 welche
1259 3234 1312 3289 mit

156 3327 242 3381 nieht
259 3323 383 3392 weniger
401 3322 443 3375 ele
462 3327 496 3375 28
516 3319 610 3374 Zeileu
634 3321 684 3374 due
708 3335 795 3388 gunzo
820 3323 898 3372 iuste
918 3317 1029 3388 Cupitel
1048 3319 1150 3385 bildet;
1178 3339 1227 3375 aue
1251 3323 1310 3377 drei

155 3415 256 3469 loeker
270 3410 441 3466 uueinunder
456 3407 741 3478 geruihteuGliedern
754 3408 916 3475 beetehend‚
927 3407 1006 3462 weiut
1020 3407 1060 3462 eie
1074 3407 1103 3462 in
1114 3408 1197 3463 deren
1208 3412 1310 3464 erstem

155 3503 217 3557 und
240 3502 379 3570 lingeiem
405 3499 450 3552 ein
476 3496 644 3567 Seuzgefuge
669 3495 730 3566 auf,
764 3497 814 3550 dae
838 3514 873 3550 uu
898 3496 1095 3566 Holpen'gkeii
1123 3498 1229 3552 eehwer
1252 3499 1310 3552 euin

155 3589 342 3648 seitenstuck
360 3589 452 3642 finden
471 3585 554 3642 wird:
580 3587 615 3640 ‘A
639 3603 702 3655 quo
726 3585 808 3655 quid
838 3619 859 3625 —
881 3587 1031 3655 petetur,
1056 3587 1188 3654 quodve
1212 3605 1309 3656 quum

156 3700 195 3738 eo
216 3681 353 3750 agetur,
372 3694 458 3748 quae
477 3693 529 3731 ree
549 3693 614 3730 non
632 3675 742 3745 pluris
763 3719 768 3730 .
789 3719 794 3730 .
815 3676 894 3742 erit,
919 3677 953 3729 et
971 3675 1020 3730 eei
1040 3693 1078 3730 ea
1100 3693 1153 3730 ree
1172 3675 1251 3742 erit,
1271 3675 1310 3731 de

156 3785 226 3838 qua
249 3799 277 3806 κ
297 3765 350 3821 ius
368 3765 481 3820 deieei
501 3765 692 3836 oportebit:
716 3765 765 3819 eei
788 3765 817 3819 iu
841 3780 913 3818 eum
932 3781 1012 3832 rem,
1036 3781 1124 3833 quae
1143 3763 1194 3818 ita
1212 3765 1253 3817 ab
1273 3781 1310 3819 eo

156 3859 299 3926 petetur
322 3853 405 3910 deve
424 3873 463 3910 eu
480 3873 516 3910 re
535 3871 606 3910 uum
630 3872 667 3909 eo
691 3857 826 3924 egetur,
854 3845 886 3908 ei
907 3853 988 3923 quei
1011 3869 1082 3908 eum
1105 3855 1203 3923 petet
1226 3853 1310 3908 deve

156 3963 197 4002 ee
215 3961 251 3999 re
270 3947 363 4013 agei,
383 3945 441 3999 aut
458 3943 505 3998 iei
523 3943 644 4012 quoius
663 3942 797 3998 nomine
821 3943 862 3998 ab
885 3961 923 3997 eo
943 3945 1082 4012 petetur
1105 3958 1248 4010 quemve
1272 3960 1309 3997 eu

156 4037 297 4105 agetur,
321 4033 354 4086 in
379 4034 452 4088 iure
475 4063 509 4072 -
529 4063 560 4072 -
586 4033 766 4087 confessus
790 4033 858 4086 erit
881 4049 989 4101 neque
1013 4063 1045 4070 --
1071 4061 1102 4070 —
1128 4029 1309 4085 defendet:

155 4126 228 4178 tum
248 4122 288 4176 de
308 4139 360 4189 eo,
383 4139 401 4176 a
419 4139 484 4190 quo
503 4138 540 4176 eu
559 4139 611 4174 ree
635 4120 685 4174 ita
702 4124 843 4190 petetur
861 4138 1002 4190 quemve
1027 4137 1063 4173 uo
1088 4119 1126 4174 de
1151 4135 1189 4174 ea
1206 4135 1240 4172 re
1260 4119 1310 4175 iia

157 4212 296 4282 agetur,
320 4210 428 4280 deque
452 4227 488 4263 eo
512 4210 591 4279 quoi
616 4227 685 4264 uum
710 4227 777 4263 rem
801 4209 873 4264 dari
894 4241 926 4250 —
946 4209 1139 4279 oportebit,
1163 4207 1309 4278 siremps

157 4300 212 4355 lex
232 4329 268 4339 -
286 4303 374 4364 esto,
404 4301 506 4368 utque
529 4299 601 4353 utei
626 4301 719 4354 esset
742 4299 806 4353 sei’
832 4301 884 4353 eie.
904 4301 957 4352 ete.
1001 4298 1037 4351 So
1061 4295 1172 4351 schrieb
1196 4314 1261 4352 mun
1279 4297 1308 4351 in

159 4389 231 4444 Rom
250 4387 368 4443 Geeetze
392 4405 439 4440 um
462 4388 588 4443 dueeelbe
612 4389 694 4456 Jahr‚
723 4387 752 4440 iu
775 4388 839 4442 dem
864 4386 960 4441 Cicero
984 4385 1029 4440 die
1053 4385 1182 4442 zierliuhe
1205 4387 1310 4442 Preeht

160 4478 252 4532 eeiner
270 4475 446 4546 Philippicae
465 4476 619 4532 euifulteie.
