3216 5082
588 383 866 432 svrrnnmrrrvu
890 383 925 430 ιι.
1262 365 1328 432 513

270 523 298 588 Ε
322 525 554 590 vetustioribus
577 525 663 592 bunc
686 527 819 593 titulum
843 549 913 594 esse
937 549 1010 592 cum
1034 526 1115 592 satis
1138 529 1171 590 et
1195 522 1216 590 l
1240 521 1326 591 ess*

181 630 364 696 litterarum
387 631 493 697 forma
515 635 549 696 et
570 635 719 718 neglecta
742 634 919 719 geminatio
948 637 981 699 et
1004 633 1070 698 alia
1093 632 1250 719 quaedam
1272 632 1327 695 do·

181 741 276 802 ceant
298 737 504 824 antiquitatis
527 739 672 823 propria,
699 743 769 804 tum
793 740 1024 806 vetustissimis
1052 738 1327 805 adnumerandum

180 843 212 909 b.
227 866 252 910 e.
273 849 330 910 aut
352 845 476 910 ineunti
499 846 626 910 saeculo
651 849 743 911 sexto
765 851 822 912 aut
840 847 954 933 quinto
974 847 1103 912 exeunti
1121 847 1327 913 tribuendum

181 972 253 1014 csse
277 973 294 1015 e
318 954 447 1015 servate
469 951 503 1016 in
525 951 648 1016 Metilio
671 952 794 1036 domic,
821 953 899 1018 item
923 954 956 1018 in
980 959 1158 1019 wraoeront
1178 952 1243 1040 (rel
1264 953 1327 1018 for-

181 1062 270 1124 tasse
302 1055 478 1142 acroama)
516 1058 623 1143 prisca
659 1059 873 1124 declinatione
910 1060 1088 1126 certissime
1120 1059 1328 1144 perspicitur:

182 1165 312 1249 quando
331 1165 370 1230 de
383 1166 544 1249 maqs'sterc
561 1166 611 1230 vel
625 1168 802 1250 muprstcrcs
820 1189 862 1232 an
876 1167 1050 1250 mopc'sterei
1070 1167 1122 1232 vel
1140 1167 1329 1250 mqeeree

181 1293 248 1337 non
275 1276 385 1356 potest
411 1295 478 1340 non
506 1295 624 1358 anceps
655 1295 725 1338 esse
753 1273 916 1338 iudicium.
962 1274 1125 1351 Quantum
1152 1277 1262 1340 eutem
1286 1273 1329 1337 sit

183 1376 269 1461 quod
293 1378 327 1442 in
350 1379 463 1446 dextra
490 1383 583 1465 parte
611 1381 757 1465 perierit,
789 1381 885 1446 facile
908 1403 925 1446 e
948 1403 1043 1446 versu
1071 1381 1173 1448 altero
1197 1380 1329 1464 cilicias,

181 1507 245 1568 quo
269 1506 400 1551 necesse
424 1491 475 1552 est
496 1487 577 1553 duos
601 1488 778 1574 magistros
802 1488 942 1554 sociatos
965 1509 1045 1554 esse.
1082 1487 1226 1565 Quorum
1250 1488 1328 1552 alte·

180 1613 254 1656 rum
286 1613 359 1658 cum
387 1591 608 1660 Mommsenus
641 1593 704 1658 sibi
736 1595 899 1678 persuasit
927 1591 949 1658 S
981 1595 1191 1678 praenomine
1221 1594 1329 1676 fuisse,

182 1698 244 1762 etsi
267 1697 301 1761 in
320 1698 424 1764 altero
443 1703 562 1783 ectypo
581 1698 682 1763 videri
700 1699 809 1782 potuit
825 1698 1018 1764 tenuissima
1036 1701 1195 1784 quaedam
1213 1701 1329 1764 umbre

182 1803 250 1868 eius
274 1804 416 1888 litterae,
444 1808 594 1888 spectans
619 1804 659 1868 ed
682 1805 751 1869 eius
774 1805 902 1888 pedem,
931 1827 1110 1889 superesse,
1136 1810 1245 1871 tamen
1269 1827 1328 1870 nec

181 1910 216 1974 in
240 1910 344 1974 altero
367 1911 470 1974 ullum
493 1910 582 1975 illius
606 1910 949 1996 vestigiumapparuit
971 1912 1221 1997 necquicquam
1246 1911 1327 1976 eius·

182 2014 270 2079 modi
292 2014 408 2082 Petrus
427 2014 595 2082 (licerchia
612 2016 852 2103 Praenestinus,
875 2019 925 2084 vir
947 2019 1043 2104 longe
1067 2017 1329 2102 humanissimus,

183 2120 288 2188 denuo
312 2123 496 2190 examinato
523 2123 630 2208 lapide
657 2129 798 2190 testatus
826 2130 884 2192 est
930 2125 1012 2192 Esto
1039 2129 1150 2190 tamen
1178 2129 1216 2192 nt
1239 2127 1328 2192 locus

183 2229 251 2293 sive
274 2227 388 2312 sperio
412 2230 481 2296 sive
505 2227 610 2296 Serio
632 2229 738 2295 detur:
763 2236 798 2296 at
819 2232 867 2296 ita
888 2231 1000 2297 eodem
1024 2232 1139 2296 saltem
1162 2231 1241 2315 iure,
1264 2253 1328 2316 quo

182 2335 224 2400 ad
256 2337 471 2420 posteriorem
504 2337 699 2422 magistrum
731 2337 850 2421 ipsum,
884 2338 924 2403 ad
955 2337 1074 2422 prioris
1106 2345 1233 2421 patrem
1261 2338 1328 2402 tale

182 2463 378 2526 praenomen
406 2443 585 2509 rettuleris:
617 2447 747 2527 patrum
775 2445 862 2510 enim
889 2445 1059 2510 notatione
1090 2464 1185 2528 aegre
1208 2445 1328 2509 carebi-

182 2571 254 2613 mus
278 2550 318 2614 ad
342 2571 414 2614 eum
438 2571 569 2614 versum
587 2549 828 2634 complendum,
851 2550 941 2616 ouius
964 2549 1124 2635 principio
1145 2550 1327 2616 necessario

182 2655 282 2719 etiam
313 2655 528 2738 praemissum
560 2654 658 2720 fuerit
689 2656 791 2740 ipsius
818 2657 937 2722 Metilii
969 2675 1175 2741 praenomen.
1220 2655 1267 2720 Vt
1293 2656 1328 2720 in
1364 2745 1366 2750 Ι

182 2782 286 2844 pauca
303 2761 586 2827 ratiocinationem
605 2765 752 2827 nostram
767 2785 895 2828 omnem
912 2762 1129 2845 conferamur,
1142 2761 1243 2826 telem
1261 2762 1328 2826 fere

182 2867 403 2952 proponimus,
422 2867 580 2953 aliquod
603 2872 640 2932 ut
663 2869 878 2954 exemplum
902 2873 1016 2954 exstet,
1033 2869 1180 2953 integrae
1195 2869 1379 2952 inscrip-vn
1474 2875 1478 2885 '

182 2973 281 3038 tionis
305 2974 445 3058 speciem
469 2975 685 3060 probabiliter
708 2979 746 3041 ut
767 2979 920 3060 putamus
943 2975 1146 3042 restitutam:

394 3081 425 3148 A
454 3077 486 3149 Ρ
515 3081 542 3147 Ο
572 3080 592 3148 b
621 3081 649 3148 0
677 3080 1057 3171 N[e(1)·rvrn1.rae(1)

339 3203 428 3286 s·]M
451 3205 480 3272 E
504 3207 531 3272 Τ
553 3206 569 3271 Ι
594 3205 615 3271 t
638 3206 654 3272 Ι
678 3206 1091 3289 0[·s·r·u·orro·u·r

395 3329 429 3394 M
447 3331 477 3395 A
496 3329 525 3394 G
543 3329 559 3395 I
579 3328 1052 3418 STERE[(1s)·rrorvro

396 3450 1056 3536 OORAVERON[r·on·cosn·s

396 3552 1055 3680 0·AN1010·t·d[·1.·rrn1.s·vr

395 3717 426 3783 R
451 3719 467 3784 I
494 3719 524 3787 A
547 3719 579 3787 N
602 3721 632 3787 D
656 3720 971 3804 0[·rnanrv1r

271 3839 377 3906 Versu
399 3843 415 3906 l
441 3839 650 3911 AvotoNa·
667 3847 761 3914 Potio
784 3849 989 3933 proponebat
1005 3845 1240 3912 Mommsenus:
1266 3845 1327 3910 Τιι·
1353 3879 1358 3890 ·

183 3949 308 4015 aaron
324 3949 477 4034 praetuli,
500 3952 587 4036 quod
602 3953 668 4019 eius
688 3955 811 4020 cultum
826 3955 1072 4020 Praenestinum
1091 3953 1208 4018 titulus
1226 3955 1327 4018 testa·

181 4061 253 4121 tum
284 4055 365 4120 facit
397 4055 559 4142 aVulpio
591 4059 776 4143 publicatus
803 4060 932 4126 Veteris
964 4061 1051 4126 Latii
1082 4063 1105 4124 t.
1128 4056 1327 4142 Ixep.128‚

180 4163 267 4228 unde
291 4161 466 4229 Cerconius
489 4189 519 4250 p.
538 4165 581 4230 56
604 4166 829 4252 neglegentius
852 4165 1033 4254 iteravit*):

272 4304 298 4372 *)
317 4273 476 4359 Nec-enim
503 4307 579 4361 recte
604 4305 690 4360 tribui
713 4305 811 4361 'l'iburi
838 4307 927 4362 rideri
954 4307 1050 4376 potest
1075 4305 1151 4375 apud
1177 4306 1325 4361 Gruterum

183 4408 210 4460 p.
226 4397 269 4460 tl,
284 4398 309 4462 1,
332 4393 377 4448 cni
396 4393 511 4450 miserat
530 4395 656 4450 ‘Vrsinus
668 4395 848 4451 'describente
867 4395 1015 4464 Gotenst.',
1038 4394 1208 4465 descriptum
1231 4397 1325 4450 autem

83 4479 94 4498 ⁹
183 4478 211 4532 in
230 4479 305 4534 bunc
323 4483 450 4539 modum:

236 4587 278 4623 ra.
297 4587 446 4627 nrrscnrarr
466 4590 599 4630 orvscvca
619 4593 655 4630 rr.
1078 4583 1112 4631 33
