3116 5066
277 319 340 385 162
553 337 775 387 uouvnnuru
797 337 1035 386 urrcunrsms
1058 333 1150 383 rurs.

234 519 260 560 a
275 496 372 562 occu
395 495 457 561 ἐπ’
480 497 655 578 ἀπώμοτον
682 498 717 562 in
748 497 811 562 hoc
839 517 956 581 genere
985 495 1146 558 universo.
1190 491 1332 554 Tantum
1355 511 1426 554 esse

275 605 308 668 in
335 604 510 687 propatulo
540 605 647 688 video,
679 604 841 686 disparem
868 603 903 666 in
928 601 1063 684 pipulum
1094 603 1128 664 et
1153 597 1298 681 publicus
1327 601 1427 682 atque

274 709 355 775 adeo
382 711 529 793 peplum
555 711 707 776 Plautino
741 710 928 794 prosodiam
959 730 1027 774 non
1063 704 1191 771 aliunde
1224 703 1289 767 nisi
1318 725 1359 768 ex
1388 725 1426 768 eo

275 817 424 901 pendere,
457 818 542 902 quod
574 817 642 882 illic
674 840 806 902 prorsus
839 818 989 900 exempta
1022 817 1072 879 est
1097 835 1115 878 v
1143 831 1341 894 consonans,
1373 809 1427 874 hic

276 923 388 988 eadem
410 924 477 988 vim
505 947 598 990 suom
631 947 703 990 cum
736 946 775 988 ea
807 945 890 1009 quae
922 921 1086 1006 praecedit
1114 918 1219 985 vocali
1247 917 1428 983 communi-

277 1030 364 1095 cavit
387 1052 498 1115 eoque,
520 1033 558 1094 ut
581 1030 681 1115 longa
704 1053 721 1094 e
746 1031 838 1094 brevi
860 1031 966 1114 fieret,
993 1028 1109 1094 effecit.
1155 1025 1309 1109 Superest
1333 1027 1372 1090 ut
1393 1025 1429 1089 iu

276 1135 351 1201 aliis
374 1137 570 1202 sociaturum
594 1135 653 1201 OV
676 1135 860 1201 litterarum
878 1135 1034 1220 exemplis
1052 1157 1071 1198 o
1087 1121 1299 1201 consonantis
1318 1131 1429 1196 firma·

275 1247 421 1308 mentum
449 1243 667 1308 certissimum
695 1266 733 1309 ex
762 1242 920 1308 Oscorum
950 1264 1099 1308 sermone
1128 1241 1260 1326 petiisse
1287 1238 1428 1304 Momm-

276 1372 390 1416 sanum
418 1371 555 1414 narrem.
599 1349 639 1414 In
668 1372 730 1434 quo
758 1353 796 1415 ut
821 1348 920 1416 sucus
944 1349 1043 1416 suvcd
1066 1349 1167 1413 sivum
1188 1345 1270 1412 stum
1293 1344 1430 1427 formas,

276 1454 317 1520 ad
341 1477 478 1540 quarum
501 1456 746 1521 similitudinem
769 1455 912 1540 proxime
932 1454 1057 1519 accedit
1075 1455 1109 1518 in
1127 1453 1240 1539 lingua
1259 1451 1431 1518 Sanscrita

274 1582 353 1645 uua,
375 1563 410 1627 in
433 1561 556 1629 Graeca
579 1563 669 1647 εφόε,
692 1566 831 1647 aequant
849 1561 1039 1629 Latinorum
1060 1582 1146 1627 socos
1168 1581 1270 1628 suumn
1292 1560 1429 1643 formas,

275 1669 354 1734 item
377 1673 530 1736 utofcroc
562 1670 596 1735 in
632 1691 707 1735 vase
734 1669 864 1734 Lucano
892 1669 1031 1733 incisum
1059 1665 1159 1753 (apud
1186 1665 1431 1732 Mommsenum

274 1800 305 1861 p.
319 1777 399 1864 270)
418 1779 556 1843 latinum
575 1775 762 1862 Clwudsbes
779 1797 911 1842 nomen:
929 1775 977 1840 ita
997 1775 1106 1839 Tovtru
1123 1774 1159 1839 in
1177 1774 1274 1838 titulo
1295 1769 1431 1838 Corano

276 1883 434 1967 scriptum
465 1883 570 1948 lucem
599 1905 616 1946 e
643 1882 748 1948 nobili
777 1881 880 1948 Oscae
909 1883 1042 1967 linguae
1071 1883 1172 1966 stirpe
1200 1885 1280 1946 tuct-
1310 1880 1434 1964 accipit

270 1987 431 2070 publicum
449 1988 655 2074 significante
673 1985 974 2072 (cf.Mommsenum
989 2012 1020 2073 p.
1034 1985 1125 2074 304),
1143 1989 1272 2074 quicum
1291 1992 1327 2052 et
1347 1986 1430 2052 San-

278 2094 395 2159 soritae
424 2095 519 2159 uiuat
541 2093 680 2159 formam
704 2097 737 2159 et
759 2092 896 2160 Latinae
920 2100 998 2160 totus
1021 2115 1196 2180 congruere
1218 2097 1432 2178 perspectum

277 2205 336 2267 est.
354 2200 501 2266 Indidem
520 2201 709 2266 arcessitam
728 2200 812 2265 trivit
832 2202 977 2286 stirpem,
997 2223 1069 2267 cum
1089 2202 1163 2267 aliis
1184 2201 1342 2284 exemplis
1358 2205 1432 2266 tum

276 2307 329 2373 his
361 2308 554 2375 tuvkuuotets
586 2311 747 2387 λουκανομ
775 2330 795 2373 a
823 2331 857 2373 se
885 2309 1093 2375 inlustratum
1123 2332 1153 2393 p.
1181 2308 1256 2391 273,
1287 2305 1434 2373 Momm-

278 2435 374 2479 senus
398 2413 547 2480 adhibuit
570 2413 681 2479 latinis
704 2413 818 2480 LOVO
842 2416 1056 2500 explicandis:
1090 2438 1153 2502 quo
1177 2420 1210 2480 et
1231 2414 1376 2480 Lepcim
1399 2419 1434 2480 st

277 2521 424 2588 Laeana
447 2523 480 2586 st
502 2542 522 2585 a
540 2519 711 2588 Victorino
735 2521 864 2606 prolata
881 2522 1036 2587 Lwcctios
1059 2526 1092 2587 et
1115 2523 1241 2605 locuaen,
1264 2525 1378 2586 ortum
1399 2520 1434 2586 id

278 2629 407 2714 quidem
426 2651 444 2694 e
463 2628 603 2712 lovum
623 2629 784 2711 pertinere
802 2628 1012 2712 intellegitur,
1029 2629 1083 2692 vix
1098 2633 1185 2693 recte
1198 2631 1310 2693 tamen
1327 2629 1433 2694 etiam

272 2736 412 2819 polovctu
441 2734 590 2800 refertur.
635 2732 707 2798 Huc
735 2733 817 2798 adde
846 2755 864 2797 e
891 2733 1080 2808 eustanum
1108 2731 1174 2820 (vel
1203 2734 1326 2799 rectius
1356 2756 1434 2800 cum

262 2839 480 2914 ,Mommseno
503 2863 533 2925 p.
556 2839 621 2904 283
645 2838 834 2904 udvbmuum
861 2845 898 2905 ut
924 2841 1066 2926 videtur)
1095 2841 1321 2925 explicandum
1347 2843 1436 2908 Nou

278 2950 360 3013 ceria
377 2969 505 3031 nomen,
524 2969 582 3031 per
601 2945 741 3011 mediam
759 2968 840 3030 quae
859 2948 992 3012 evanuit
1010 2948 1143 3012 Nuceria
1160 2947 1300 3012 formam
1319 2951 1433 3014 trans·

279 3075 427 3140 gressum
456 3055 491 3118 in
514 3053 665 3118 Nuceriu:
695 3053 781 3138 quod
810 3058 925 3120 contra
952 3076 969 3118 e
992 3054 1088 3120 nicola
1114 3057 1319 3138 procreatum
1344 3055 1435 3120 Nola

278 3161 313 3227 in
335 3183 353 3227 o
375 3161 482 3227 vocali
510 3159 691 3225 subsistens
719 3182 785 3225 uon
813 3164 864 3226 cst
891 3161 931 3225 ad
955 3159 1043 3226 Mula
1074 3181 1290 3245 progressum.
1338 3159 1436 3226 Haec

279 3271 401 3352 autem,
430 3288 512 3353 quae
540 3272 616 3331 sunt
643 3266 794 3332 Novccrto
821 3271 854 3332 et
878 3268 962 3332 Nola
988 3267 1019 3332 h.
1049 3289 1074 3331 e.
1096 3271 1264 3350 tamquam
1288 3265 1435 3352 Novella,

278 3381 316 3442 ut
346 3377 490 3444 dubitari
522 3375 636 3459 nequit
668 3375 745 3458 quin
778 3375 935 3459 originem
968 3373 1089 3439 ducant
1121 3374 1162 3438 ab
1194 3395 1232 3438 eo
1261 3373 1350 3456 quod
1383 3379 1435 3440 est

278 3504 383 3568 motta,
405 3485 489 3550 unde
512 3485 610 3549 etiarn
635 3483 792 3548 Novariae
816 3483 965 3547 Novunae
987 3481 1111 3546 Norbue
1134 3481 1270 3546 Nursiae
1293 3483 1434 3546 nomina

278 3589 455 3675 repetenda
483 3613 552 3656 esse
579 3587 801 3665 Mommsenus
828 3589 1014 3672 persuadet,
1041 3589 1088 3653 ita
1120 3586 1261 3652 eiusdem
1291 3587 1435 3672 stirpem
1554 3663 1555 3684 ,

189 3699 192 3707 “
280 3691 431 3763 aditctivi
453 3718 548 3762 nemo
571 3718 638 3762 non
663 3698 818 3782 agnoscat
841 3697 874 3759 in
897 3696 1058 3760 accubare
1076 3695 1185 3776 verbo,
1207 3692 1292 3778 quod
1311 3693 1349 3758 in
1368 3694 1435 3761 hoc
1554 3733 1555 3750 .

280 3825 395 3892 genere
419 3803 607 3868 Victorinus
630 3807 789 3868 numerat.
832 3801 948 3867 Restat
970 3801 1073 3887 igitur
1095 3823 1195 3866 unum
1218 3801 1340 3866 doucem
1359 3823 1434 3867 ver·
1554 3865 1555 3868 ,

278 3913 369 3977 bum:
400 3910 489 3976 cuius
513 3911 605 3976 radix
629 3933 706 3975 num
730 3911 809 3974 item
831 3931 850 3973 v
873 3929 986 3973 sonum
1011 3909 1177 3993 proprium
1201 3907 1264 3972 sibi
1289 3907 1434 3992 antiqui-

279 4024 333 4085 tus
362 4018 528 4102 habuerit,
552 4017 590 4082 dc
618 4039 682 4102 quo
710 4017 763 4082 vix
786 4037 857 4081 esse
881 4014 1093 4080 dubitandum
1117 4013 1258 4098 videtur,
1287 4013 1434 4080 fortasse

280 4127 412 4192 edocere
440 4147 499 4190 nos
529 4127 683 4209 poterunt
705 4124 733 4187 si
756 4123 811 4207 qui
836 4145 855 4186 a
879 4121 1052 4206 multipiici
1075 4121 1260 4206 linguarum
1283 4120 1374 4185 inter
1399 4143 1434 4184 se

280 4235 538 4318 comparatorum
562 4233 721 4316 apparatu
744 4229 895 4294 instructi
925 4229 1006 4293 bene
1030 4227 1145 4293 mereri
1169 4226 1210 4292 ds
1231 4226 1284 4290 his
1307 4227 1434 4292 litteris

158 4399 169 4420 ,
280 4339 399 4404 volent.
442 4337 482 4403 In
511 4337 626 4422 quibus
654 4335 703 4400 illi
735 4335 809 4420 plus
840 4338 954 4401 nostra
982 4334 1144 4400 sententia
1173 4333 1359 4418 proficient,
1396 4334 1436 4416 si,
1554 4385 1555 4392 ,

280 4444 357 4532 quid
376 4441 506 4508 tandem
525 4443 707 4508 instituisse
726 4445 823 4526 atque
844 4442 998 4525 probasse
1018 4441 1195 4525 antiquitas
1213 4441 1341 4504 curiose
1361 4461 1433 4524 per·
1554 4427 1555 4500 i
