3116 5066
600 1155 606 1172 r
659 1117 708 1201 V.

354 1254 621 1363 Monumenta‘
637 1277 891 1384 epigraphioa
917 1277 1010 1362 tria.

122 1567 145 1638 l.
163 1567 211 1642 De
229 1569 391 1642 miliario
410 1570 618 1664 Popilliano
638 1570 757 1664 deque
775 1571 1043 1667 epigrammate
1064 1569 1253 1662 Soran0.*)

585 1769 734 1848 sarva
762 1787 786 1848 1.

322 1925 388 1991 DE
424 1923 652 1992 MILIARIO
685 1922 1041 2011 POPILLIANO**)

322 2141 329 2156 .
425 2065 545 2135 (accedit
562 2066 662 2121 tabula
680 2064 939 2136 lithographiam».

199 2208 421 2276 Memorabilis
440 2211 473 2276 in
492 2211 604 2296 paucis
623 2211 766 2277 titulus
785 2211 968 2276 Pollanus
987 2215 1161 2295 postquam
1179 2209 1281 2275 inde³

122 2314 156 2378 ab
178 2315 303 2401 Apiano
331 2323 365 2384 et
388 2318 473 2383 Aldo
496 2317 644 2384 Manutio
672 2317 713 2382 ad
736 2317 894 2384 Orellium
917 2313 964 2404 (n.
985 2315 1088 2402 3308)
1112 2321 1145 2382 et
1167 2317 1254 2382 litte-

121 2443 218 2488 ramm
247 2425 528 2510 epigraphicarum
552 2424 687 2491 dedecus
716 2424 850 2490 Zellium
874 2424 1056 2490 incredibili
1083 2428 1153 2488 tum
1181 2445 1255 2509 neg-

121 2528 254 2613 legentia
285 2536 356 2598 tum
387 2533 521 2598 licentia
554 2533 659 2599 editur
694 2537 744 2598 est
776 2555 795 2596 a
823 2532 985 2616 plurimis,
1016 2552 1101 2595 nunc
1128 2530 1256 2595 demum

122 2633 299 2704 'lunonem
322 2638 519 2706 Monusnru
547 2639 703 2705 beneficio
732 2661 770 2703 ea
798 2642 831 2703 et
854 2637 916 2702 tide
940 2639 1200 2727 repraesentatus
1224 2641 1257 2701 et

122 2763 189 2807 cura
212 2746 403 2830 explanatus
427 2746 567 2812 habetur
589 2745 841 2830 Inscriptionum
864 2745 970 2831 Regni
992 2743 1203 2828 Neapolitani
1226 2767 1256 2809 n.

122 2849 209 2936 6276,
230 2851 283 2916 rix
307 2859 344 2916 ut
361 2851 483 2938 habeas
503 2853 586 2937 quod
605 2857 673 2918 tam
693 2853 854 2938 perfectae
874 2873 990 2938 operae
1009 2851 1109 2917 addas
1128 2855 1257 2936 praeter

122 2957 293 3042 exemplum
316 2959 404 3042 ipsas
427 2959 549 3043 figuras
572 2959 757 3024 litterarum
776 2960 909 3024 imitans
929 2981 1119 3044 omnemque
1138 2959 1256 3044 lapidis

121 3063 253 3144 speciem
284 3087 357 3130 curn
389 3063 548 3150 religione
585 3067 775 3152 exprimens.
834 3066 914 3132 Tale
947 3067 1130 3152 exemplum
1162 3068 1257 3134 litho-

204 3279 230 3346 *)
250 3277 445 3348 [Programma
467 3277 658 3334 academicum
682 3278 827 3335 Bonnense
850 3279 916 3334 anni
940 3284 1022 3334 1852:
1052 3279 1177 3334 ‘Sacram
1201 3298 1257 3334 me-

121 3363 231 3419 moriam
242 3365 326 3436 Regis
340 3366 540 3436 Angustissimi
554 3367 619 3422 Diri
633 3367 767 3424 Friderici
781 3365 914 3423 Guilelmi
927 3368 983 3422 ΙΙΙ.
1000 3410 1005 3423 .
1022 3410 1028 3422 .
1043 3367 1089 3423 die
1103 3369 1142 3422 ΙΙΙ
1156 3369 1259 3424 mensis

121 3451 234 3522 Augusti
248 3471 272 3510 a.
287 3453 460 3510 Mocoouu
476 3497 519 3512 ...
533 3455 578 3526 pie
593 3457 771 3513 recolendam
785 3458 978 3526 victorumque
991 3457 1227 3513 renuntiationem
1243 3477 1258 3513 e

121 3538 269 3598 litterarum
293 3544 491 3601 certaminibus
514 3545 711 3615 prodeuntium
734 3545 835 3602 indicit
858 3546 889 3601 Ε.
909 3544 1056 3616 Bccking’,
1080 3546 1259 3618 singulariter

122 3628 157 3683 sic
182 3631 358 3704 inscriptum:
392 3634 444 3689 ‘De
473 3633 594 3690 miliario
619 3635 777 3706 Popilliano
805 3636 894 3706 deque
923 3633 1125 3706 epigrammate
1153 3635 1259 3692 Sorano

121 3722 329 3778 commentarius
339 3723 369 3778 F.
377 3722 546 3778 Ritschelii.'
563 3723 757 3780 Consociatum
768 3744 830 3781 cum
840 3725 983 3796 prooemio
993 3724 1093 3780 indicis
1102 3725 1259 3780 scholarum

121 3805 291 3866 hibernarum
305 3812 493 3868 Bonnensium
507 3831 532 3868 a.
549 3820 616 3869 1852
632 3817 661 3870 et
682 3821 749 3870 1853
769 3815 815 3885 (de
829 3815 913 3871 titulo
928 3815 1090 3883 Aletrinati)
1108 3812 1213 3884 prodiit
1230 3813 1259 3866 in

121 3894 212 3954 libello
230 3919 302 3956 nunc
321 3901 485 3957 rarissimoe
506 3901 699 3958 ‘Monumenta
717 3903 898 3975 epigraphica
915 3904 971 3959 tria
989 3903 1025 3957 ad
1044 3903 1259 3970 archetyporum

120 3985 199 4044 fidem
216 3991 350 4062 exemplis
368 3991 556 4062 lithographis
576 4010 706 4063 expressa
728 3994 991 4063 commentariisqus
1010 3987 1200 4062 grammaticis
1218 3989 1259 4043 in·

121 4074 234 4135 lustrata
251 4097 318 4136 cura
335 4079 366 4138 F.
385 4080 541 4137 Ritsohelii.
560 4082 682 4138 Beroliui
700 4083 775 4153 apud
794 4083 825 4138 G.
845 4081 1005 4138 Trautwein
1026 4079 1113 4136 1852!
1152 4077 1181 4136 O.
1200 4077 1259 4150 W.]

188 4169 228 4239 *ἢ
247 4169 340 4242 [Nunc
359 4169 423 4226 ride
443 4169 472 4227 C.
491 4171 512 4228 1.
532 4171 562 4226 L.
581 4172 594 4226 Ι
612 4191 639 4226 n.
658 4178 724 4241 66η
744 4173 773 4228 Ρ.
793 4173 824 4230 L.
839 4172 876 4228 M.
892 4172 923 4226 E.
942 4171 1000 4226 tab.
1019 4169 1096 4224 ΗΒ
1116 4170 1145 4224 et
1162 4168 1259 4225 Euarr.

121 4269 146 4322 p·
164 4261 197 4312 46
215 4259 243 4314 et
257 4264 317 4314 105.
355 4257 385 4314 O.
404 4259 465 4330 W.]

170 4345 225 4416 m)
244 4348 367 4420 [Tabula
384 4347 423 4402 IV
447 4349 544 4404 eadem
568 4351 612 4405 est
633 4353 718 4420 atque
742 4350 809 4406 olim
832 4351 1033 4421 programmati
1052 4349 1212 4406 academico
1231 4353 1261 4406 et

123 4432 313 4494 'monumentis
331 4437 476 4509 epigraph.
494 4438 594 4494 tribus'
615 4439 732 4508 adnexo,
751 4439 815 4496 dein
833 4440 936 4496 iterata
953 4441 983 4496 in
1001 4441 1031 4497 P.
1051 4440 1082 4496 L.
1096 4441 1132 4497 M.
1152 4440 1184 4494 Ε.
1203 4441 1221 4494 l.
1240 4441 1259 4500 l.

139 4634 144 4644 ,
212 4525 223 4596 ]
1008 4620 1045 4675 8*
