3282 5076
312 349 378 414 260
524 367 572 413 na
596 365 777 415 servacco
802 365 987 413 avarocvn
1010 361 1229 412 svscvnlao.

311 507 492 574 conerianis
514 508 696 593 cpbbs
711 529 727 574 c
750 505 884 591 diversi,
906 506 969 572 nisi
993 506 1079 592 quod
1101 507 1177 588 inp
1204 503 1239 567 M
1258 539 1263 550 ·
1283 501 1309 568 F
1329 535 1336 551 ·
1355 499 1381 566 Ο
1399 535 1407 552 ·
1426 499 1459 566 N

312 615 541 701 scriptumest
563 621 601 682 ut
624 615 709 699 apud
723 614 893 700 Vulpium,
915 614 950 680 in
970 614 993 696 f
1009 614 1131 679 omissa
1153 616 1191 678 ut
1213 609 1299 696 apud
1322 609 1458 676 eundem

312 725 345 786 et
368 720 561 788 Kircherum
583 721 600 786 I
622 725 713 808 nota3
744 723 901 806 septimus
929 724 962 786 et
984 725 1118 786 octavus
1141 719 1218 785 novi
1241 721 1459 784 accesserunt:

312 825 502 894 o-novlt
519 862 527 877 ·
546 827 576 892 A
595 863 601 877 ·
620 827 647 892 F
665 861 673 878 ·
691 824 862 892 Marcell
895 825 1061 893 OOIVNX
1092 829 1126 892 et
1157 823 1227 890 ΑΝ
1256 822 1358 910 (quod
1384 823 1456 892 NV

311 934 558 1020 interpretatur)
586 933 704 1000 Fova
723 971 730 985 ·
749 934 783 998 M
802 970 809 983 ·
827 934 863 1000 F.
907 934 1114 1019 Turpiliauos
1142 937 1251 998 autern
1279 954 1353 998 cum
1374 932 1458 998 tales

311 1043 433 1128 posuit:
453 1041 752 1108 L·TVRPILEIO
773 1042 861 1108 L·F
880 1037 1458 1116 etM·TVRPILIO·Q·F·L·N

311 1153 345 1216 et
368 1147 666 1226 QsVRPILEIO
690 1149 791 1234 L·F,
820 1149 915 1214 facile
943 1149 1145 1233 intellegitur
1171 1147 1312 1232 primum
1339 1150 1373 1212 et
1393 1149 1456 1212 ter-

310 1255 392 1320 tium
420 1255 556 1346 eosdem,
583 1277 652 1320 esse
683 1278 756 1322 eum
783 1254 1036 1340 Falconcrianis,
1068 1255 1124 1322 sed
1155 1273 1214 1322 nec
1241 1255 1457 1320 rectelectos

311 1383 371 1427 nec
394 1361 567 1448 diligenter
585 1363 815 1448 transcriptos,
837 1363 917 1430 item
935 1385 1056 1430 novum
1075 1385 1146 1430 esse
1165 1362 1316 1428 medium.
1349 1360 1411 1438 Qui
1429 1361 1458 1426 si

311 1489 425 1552 reapse
447 1469 638 1553 praestabat
659 1469 863 1537 TVRPILIO
886 1471 1034 1554 formam,
1060 1469 1099 1535 de
1122 1492 1185 1555 quo
1210 1473 1260 1535 eet
1283 1491 1340 1534 cur
1361 1468 1456 1534 vehe

312 1578 437 1640 menter
461 1575 604 1660 dubites,
627 1580 662 1642 at
684 1577 719 1643 in
741 1578 926 1644 illis-nemo
951 1577 1115 1644 dubitabit
1138 1577 1216 1662 quin
1238 1575 1457 1643 TVRPLEIO

311 1683 468 1769 scriptum
491 1685 667 1771 exstiterit,
696 1707 762 1752 non
786 1684 1034 1751 TVRPILEIO.
1079 1683 1282 1770 Quamquam
1310 1684 1394 1749 enirn
1417 1705 1458 1748 ne

310 1791 373 1856 hoc
395 1792 524 1878 quidem
547 1792 673 1858 ratione
696 1792 887 1858 destitutum
905 1785 969 1872 est,
991 1795 1102 1858 temen
1120 1795 1190 1858 tem
1208 1792 1338 1856 vetusto
1360 1777 1459 1856 titulo

311 1900 368 1962 aut
398 1897 433 1964 in
462 1901 529 1963 tres
563 1899 708 1982 syllabas
743 1901 926 1965 coartatum
961 1921 1079 1966 nomen
1115 1897 1341 1980 conveniebat,
1372 1896 1459 1980 quod

275 2019 296 2060 v
311 2024 412 2088 genus
435 2027 537 2089 nuper
559 2005 654 2090 tetigi
677 2005 763 2070 Mon.
787 2007 888 2091 epigr.
911 2011 951 2072 tr.
974 2029 1005 2090 p.
1023 2005 1071 2071 lx
1096 2007 1209 2089 [supra
1230 2027 1261 2088 p.
1283 2004 1374 2089 1731,
1401 2010 1459 2070 ant

311 2110 552 2195 quadrisyllaba
574 2110 841 2178 TVRPVLEIOs
863 2113 974 2196 potius
997 2134 1095 2197 quam
1118 2109 1371 2178 TVRPILEIOs
1393 2110 1458 2176 for·

310 2239 372 2283 ma.
423 2217 469 2283 Et
495 2217 557 2284 hoc
584 2219 715 2304 quidem
743 2220 837 2305 quale
864 2220 921 2304 eit,
952 2220 1064 2304 paucis
1088 2241 1175 2286 nunc
1206 2219 1255 2284 ita
1285 2241 1461 2304 persequar

310 2329 348 2389 ut
375 2346 414 2390 ea
440 2325 514 2409 ipsa
541 2327 789 2410 quaestiuncula
819 2327 904 2392 hanc
933 2325 1155 2411 prooemiendi
1188 2327 1330 2411 opellam
1354 2327 1460 2392 ¹conti·

310 2453 419 2516 neam,
443 2431 484 2501 ad
506 2431 623 2498 Furiae
646 2436 755 2498 autem
779 2434 885 2519 gentis
909 2433 1146 2518 epigrammata
1169 2432 1352 2500 Tusculana
1375 2431 1459 2521 (qui-

310 2537 371 2604 bus
395 2537 458 2605 dno
481 2538 571 2604 tituli
598 2541 691 2625 eique
718 2540 1002 2624 permemorabiles
1030 2561 1132 2624 nuper
1159 2539 1289 2606 demum
1318 2563 1459 2608 accesse-

310 2646 400 2731 runt)
424 2646 459 2712 in
480 2667 633 2731 praesens
651 2668 718 2711 non
737 2647 907 2731 exspatier,
929 2646 1120 2730 praesertim
1141 2669 1353 2732 cumeorum,
1376 2671 1459 2733 quae

310 2755 344 2819 in
363 2753 415 2820 his
434 2755 613 2840 singularia
632 2758 716 2834 sunt,
739 2754 880 2838 plurima
897 2753 963 2818 iam
982 2753 1226 2837 perstrinxerim
1245 2777 1304 2840 per
1322 2755 1458 2822 alienun

311 2860 566 2945 disputationum
588 2862 695 2926 varies
719 2860 990 2944 opportunitates.

398 2965 474 3032 Non
497 2971 606 3032 eutem
629 2967 717 3032 aliud
740 2989 810 3032 esse
834 2966 1048 3051 Turpleios
1072 2965 1302 3051 'Purpnleius
1331 2989 1458 3052 nornen,

311 3073 366 3138 sed
390 3073 486 3156 plane
509 3073 594 3138 idem
618 3077 716 3158 atque
736 3071 950 3158 Turpilius,
973 3077 1043 3138 tam
1066 3095 1136 3139 esse
1160 3073 1291 3140 evidens
1313 3079 1392 3159 puto
1411 3079 1458 3158 ut,

311 3179 395 3244 unde
419 3179 548 3244 tandem
573 3179 651 3244 oriri
674 3179 843 3246 dubitandi
866 3201 982 3246 caussa
999 3179 1112 3264 possit,
1135 3201 1175 3244 ne
1193 3179 1369 3248 divinando
1387 3181 1458 3267 qui-

311 3285 383 3350 dem
411 3307 574 3371 assequar.
620 3286 674 3350 An
702 3285 774 3370 quis
803 3285 967 3351 dubitabit
993 3309 1086 3371 num,
1118 3286 1173 3370 qui
1200 3287 1234 3350 in
1258 3289 1457 3354 columbario

311 3391 508 3458 Somascano
533 3391 619 3476 apud
642 3392 769 3478 Lupum
791 3391 898 3460 Seuer.
923 3399 1018 3460 mart.
1040 3415 1071 3478 p.
1090 3393 1133 3459 95
1156 3416 1186 3459 n.
1205 3394 1248 3460 32
1273 3391 1322 3476 [O.
1340 3393 1365 3460 L
1382 3393 1417 3460 L.
1440 3393 1456 3458 I

310 3521 341 3564 n.
364 3500 444 3583 9773
485 3499 520 3564 P.
547 3498 583 3564 L.
610 3498 653 3564 M.
680 3498 718 3564 E.
750 3499 817 3566 tab.
844 3499 915 3584 XV,
937 3500 994 3581 32]
1027 3502 1077 3564 cst
1108 3498 1167 3564 M·
1187 3499 1458 3585 vsssovaal'us,

310 3629 377 3672 non
401 3607 528 3672 diverso
548 3611 644 3691 atque
669 3627 748 3692 gens
759 3607 933 3693 Vergilia
954 3608 1085 3673 nomine
1104 3607 1238 3678 utatur?
1263 3607 1324 3690 [of.
1339 3607 1457 3693 Opusc.

310 3703 353 3780 11'
371 3737 401 3800 p.
421 3714 485 3779 779
505 3715 566 3798 sq.]
618 3713 723 3790 Quid?
761 3714 846 3800 quod
879 3713 958 3780 adeo
996 3713 1133 3799 triplicis
1164 3713 1290 3781 formae
1323 3739 1456 3800 prorsus

311 3821 485 3908 gemellum
503 3821 683 3906 exemplum
702 3821 803 3888 habes
824 3819 1060 3887 Marculeius
1083 3819 1294 3888 Marcleius
1317 3821 1456 3888 Marci-

310 3929 387 3996 lius
416 3929 563 4013 nomine,
594 3930 733 3996 medium
763 3927 891 4014 quidem
922 3928 956 3992 in
979 3925 1174 3993 Mommseni
1196 3929 1221 3992 Ι.
1240 3928 1277 3993 R.
1296 3927 1336 3994 N.
1359 3931 1456 3996 5657.

311 4035 520 4121 Eandemque
542 4037 701 4102 rationem
725 4035 790 4102 alia
812 4057 877 4101 non
899 4056 1004 4130 pauca
1026 4039 1168 4120 tuentur,
1194 4055 1276 4120 quae
1295 4035 1384 4100 facili
1401 4057 1456 4102 ne·

312 4143 402 4226 gotio
426 4165 465 4208 ex
484 4143 732 4229 inscriptionum
751 4141 957 4228 potissimum
972 4141 1134 4207 thesauris
1149 4163 1332 4208 coacerves:
1355 4143 1456 4210 Auo-

312 4248 411 4314 lsius
435 4248 589 4316 Auilius
620 4249 718 4337 (unde
741 4248 837 4314 ducta
858 4248 1020 4314 Auleius
1048 4247 1215 4334 Aulius),
1246 4245 1455 4316 Canuleius

312 4353 501 4442 Ueniliae,
520 4357 727 4423 Luculcius
746 4355 934 4440 Lucilius,
952 4353 1203 4420 Muticulcius
1221 4354 1456 4446 Muticilius,

311 4462 516 4528 Paculeins
540 4463 724 4548 Pacilius,
748 4463 978 4530 Pontuleius
997 4461 1208 4549 Pantilius,
1229 4463 1455 4530 Proculeius
