3246 5082
279 379 345 444 294
602 395 649 442 on
671 393 866 443 1101111111
889 393 1101 442 1111111111

280 539 323 605 111
345 541 629 628 repraesentatum,
653 536 693 603 de
715 559 780 622 quo
794 537 923 602 Priscae
942 537 999 603 lat
1018 537 1118 623 epigr.
1138 537 1242 621 suppl.
1260 536 1277 600 I
1299 561 1329 621 p.
1346 537 1424 602 XIV

279 646 390 712 addita
416 645 623 730 diligentiore
651 645 873 729 inscriptionis
906 644 1120 710 delineatione
1152 645 1334 710 accuratius
1362 643 1424 709 dis·

279 757 429 839 putatum
453 757 511 837 est,
533 755 637 818 totam
657 774 729 817 eam
747 751 894 817 tabulam
912 751 966 817 hic
984 749 1028 838 (n.
1043 750 1089 838 X)
1106 750 1287 818 iterandam
1306 751 1426 836 curavi,

279 882 378 944 quam
392 859 477 924 infra
492 859 621 943 scriptis
636 859 744 924 verbis
754 858 954 925 Ritschelius
972 882 1002 944 p.
1015 860 1056 926 15
1067 883 1113 945 sq.
1129 858 1300 925 enarravit
1324 857 1424 939 C.W.]

240 983 266 1022 1⁶
368 965 511 1051 Tabplae
538 965 599 1050 XI,
630 953 720 1051 'quae
752 971 881 1050 praeter
907 966 1050 1033 XXXVI
1077 967 1256 1044 novissima
1282 965 1445 1056 omnium·

281 1069 428 1157 accessit,
459 1073 574 1159 liguris
598 1073 629 1138 G
651 1073 690 1138 K
708 1073 737 1138 L
759 1073 874 1157 figlina
900 1074 1031 1139 tabulae
1054 1074 1221 1159 proximae
1243 1071 1287 1156 X,
1313 1072 1426 1158 figuris

280 1181 325 1244 M
343 1180 381 1244 N
400 1179 427 1244 0
450 1202 544 1246 aerea
566 1180 698 1245 tabulae
720 1179 736 1245 I
761 1180 904 1265 suppleri
928 1181 1026 1246 volui.

370 1285 401 1351 G
425 1286 577 1370 poculum
596 1287 675 1351 olim
689 1285 986 1371 Millingenianum,
1009 1287 1064 1353 diu
1086 1287 1207 1353 frustra
1226 1311 1246 1352 a
1264 1307 1315 1351 me
1334 1305 1426 1370 qnae-

283 1393 395 1476 sitnm,
431 1393 562 1457 tandem
590 1393 625 1457 in
652 1415 764 1458 museo
793 1391 977 1478 Campanae
1007 1393 1174 1479 indagavit
1199 1393 1337 1459 Brunnii
1365 1391 1427 1456 sol·

282 1499 391 1564 lertia:
414 1499 504 1564 cuins
523 1521 621 1564 manu
635 1499 834 1565 delineatum
852 1501 1033 1584 exemplum
1051 1502 1172 1566 imitati
1191 1523 1311 1566 sumus.
1334 1498 1427 1564 Vnde

282 1628 367 1671 nuno
401 1605 529 1671 demum
562 1610 649 1671 certo
677 1605 817 1676 ¹discitur
846 1629 925 1692 non,
961 1609 1047 1692 quod
1069 1608 1139 1672 'diu
1176 1606 1333 1672 creditum
1370 1609 1428 1688 est,

282 1709 479 1778 BIdtONdI
502 1712 579 1778 deae
603 1735 731 1798 nomen,
754 1713 809 1778 sed
833 1735 946 1798 reapse
969 1709 1165 1796 Batotal,
1188 1714 1227 1778 de
1249 1735 1313 1798 quo
1336 1713 1429 1778 dubi-

283 1820 423 1905 tabatur,
447 1820 604 1904 scriptum
627 1842 708 1885 esse.
755 1818 852 1900 [Vide
876 1815 955 1884 (1.1.
974 1818 1008 1884 L.
1032 1819 1047 1884 I
1070 1832 1102 1884 n.
1120 1821 1186 1902 44]

372 1926 410 1989 Κ
428 1925 673 2010 inscriptionem
696 1926 783 1990 vasis
811 1925 921 1991 fictilis
950 1925 1029 2010 petii
1058 1948 1075 1991 e
1098 1925 1265 1993 Garrucoii
1288 1925 1429 1991 ‘Graffiti

247 2069 250 2075 ι
283 2033 322 2096 de
345 2031 494 2116 Pompei’
518 2055 548 2116 p.
567 2033 625 2097 25:
652 2033 722 2117 qui,
749 2032 844 2120 quale
868 2037 953 2097 esset
981 2034 1032 2098 vel
1055 2034 1112 2099 nbi
1134 2039 1296 2119 repertum
1319 2055 1430 2099 vascu-

285 2139 350 2202 lnm
375 2137 555 2220 velaque
579 2159 779 2221 possessum,
806 2138 913 2203 noluit
935 2161 995 2204 nos
1022 2142 1175 2207 certiores
1203 2142 1286 2206 fieri.
1333 2139 1431 2222 [Vide

286 2243 364 2310 (1.1.
385 2242 419 2308 L.
442 2244 459 2309 I
481 2267 511 2309 n.
533 2243 631 2328 14993
654 2244 792 2329 Ephem.
815 2246 916 2331 epigr.
939 2245 954 2310 I
977 2269 1008 2331 p.
1029 2249 1067 2313 11
1092 2271 1122 2313 n.
1145 2248 1206 2330 15.]

374 2351 403 2416 L
430 2351 617 2436 deprompsi
645 2373 684 2416 ex
712 2352 831 2417 Aemili
859 2351 993 2417 Braunii
1020 2353 1054 2418 in
1081 2352 1224 2420 Monum.
1253 2359 1286 2420 11
1314 2355 1432 2420 Annal.

285 2457 640 2525 11111111111855
668 2481 697 2542 p.
717 2458 760 2524 52
788 2458 1020 2544 disputatione,
1053 2460 1108 2525 ubi
1135 2463 1246 2526 tamen
1278 2484 1343 2547 qua
1369 2461 1432 2527 fide

285 2568 408 2652 figuras
431 2567 615 2630 litterarum
639 2567 842 2650 expresserit,
865 2566 1032 2631 incertum.
1062 2567 1102 2632 In
1120 2574 1230 2634 museo
1246 2567 1432 2653 Campanae

287 2674 384 2738 etiam
419 2695 502 2738 nunc
533 2672 657 2738 servari
683 2673 886 2758 intellegitur
918 2695 956 2738 ex
988 2673 1084 2740 huius
1113 2672 1281 2761 Gatalogis
1308 2675 1433 2742 Romae

287 2806 315 2848 a.
337 2781 421 2847 1859
445 2781 599 2864 vulgatis,
622 2779 679 2844 ubi
698 2778 778 2844 haec
796 2780 947 2866 leguntur
965 2779 1059 2846 class.
1078 2779 1170 2866 IV,9
1190 2807 1220 2868 p.
1234 2783 1292 2849 42:
1316 2781 1433 2850 ‘Busto

287 2888 381 2953 virile
409 2887 442 2952 di
471 2886 636 2952 alabastro
665 2883 751 2950 della
784 2885 961 2969 grandezaa
989 2885 1040 2951 del
1068 2909 1153 2972 vero,
1186 2889 1381 2974 esprimente
1407 2891 1433 2956 il

288 2992 418 3060 ritratto
447 2993 478 3057 di
504 2991 722 3076 personaggio
746 2995 887 3078 etrusco,
914 2992 1046 3079 Damio,
1084 2996 1108 3061 il
1135 2996 1186 3060 cui
1213 3017 1309 3062 nome
1332 3019 1431 3082 appa-

289 3101 370 3166 risce
405 3100 456 3164 sul
488 3098 654 3183 pieduccio
687 3099 738 3163 del
771 3097 888 3164 busto?
934 3099 1024 3166 Inter
1061 3101 1173 3167 fictilia
1210 3103 1295 3187 quod
1328 3105 1434 3188 recepi

289 3205 432 3293 (quando
455 3205 537 3270 alius
561 3205 650 3270 locus
674 3205 782 3270 nullus
806 3206 937 3271 relictus
961 3205 1054 3293 erat),
1084 3209 1163 3275 satis
1188 3210 1299 3274 veniae
1322 3209 1357 3274 in
1374 3201 1433 3276 lris

289 3336 359 3380 esse
378 3312 513 3378 Braunii
537 3311 644 3376 verbis
668 3313 834 3378 inventum
857 3315 984 3397 putavi:
1008 3314 1134 3401 ‘questo
1158 3321 1262 3382 stesso
1286 3339 1381 3383 nome
1404 3319 1433 3383 si

288 3428 383 3488 trova
406 3420 549 3505 ripetuto
578 3441 676 3504 sopra
703 3439 748 3484 1111
777 3439 858 3504 gran
885 3421 990 3504 piatto
1019 3422 1051 3486 di
1081 3426 1169 3488 terra
1190 3425 1348 3490 ritrovato
1372 3445 1434 3490 eon

290 3529 372 3593 altre
407 3526 560 3612 stoviglie
592 3526 679 3590 nella
716 3525 891 3591 medesima
927 3527 1059 3594 tomba?
1116 3527 1268 3595 Ceterum
1299 3530 1434 3598 Domioe
1488 3565 1490 3568 ·

289 3656 409 3701 nomen
436 3633 523 3700 haud
552 3633 618 3697 scio
648 3655 690 3698 an
713 3632 855 3718 aliquam
878 3634 1071 3700 affinitatem
1094 3658 1166 3702 cum
1191 3660 1229 3702 ea
1252 3638 1353 3722 stirpe
1376 3639 1434 3704 ha-

291 3743 376 3822 beat,
399 3741 482 3806 unde
505 3741 645 3805 1101111111
658 3739 779 3805 Damio
800 3741 933 3806 nomina
956 3745 1129 3808 manarunt
1152 3765 1169 3808 1
1192 3741 1291 3810 Festo
1314 3767 1433 3810 memo-

291 3853 365 3913 rata
383 3846 484 3912 Paulo
508 3869 539 3930 p.
558 3846 610 3930 68,
630 3847 658 3912 8.
678 3847 707 3912 9.
749 3846 845 3930 [Vide
870 3847 903 3914 Ο.
923 3849 948 3913 Ι.
966 3847 1003 3914 L.
1021 3848 1037 3912 I
1055 3871 1086 3914 n.
1107 3850 1256 3936 1494.]*)

380 4061 406 4127 *)
426 4057 470 4126 [Κ
486 4059 515 4112 11
533 4057 558 4110 L
576 4057 679 4113 iterata
697 4059 761 4114 vide
780 4060 809 4113 P.
831 4059 965 4114 1111.
991 4059 1087 4130 Suppl.
1110 4060 1167 4115 tab.
1186 4060 1285 4116 xcvll
1305 4063 1338 4116 N
1355 4063 1386 4131 O,
1404 4061 1435 4119 in

291 4164 410 4218 qnorum
429 4146 603 4203 enarratione
622 4150 659 4218 (p.
674 4155 709 4204 90
724 4151 776 4218 sq.)
794 4149 863 4204 haec
882 4147 993 4219 scripsit
1010 4147 1193 4204 Ritschelius:
1219 4151 1263 4205 ‘N
1278 4151 1434 4222 inscriptio-

291 4253 369 4304 nem,
397 4252 482 4304 quam
507 4236 536 4291 in
558 4237 657 4294 tabula
680 4238 718 4292 XI
742 4239 793 4293 sub
812 4239 837 4291 L
860 4255 915 4293 non
938 4239 1019 4308 potui
1037 4236 1091 4292 nisi
1115 4256 1130 4292 e
1156 4239 1268 4294 Braunii
1295 4257 1434 4296 commen-

292 4324 370 4380 tariis
388 4329 491 4396 petere,
511 4327 648 4382 Brnnnius
669 4345 757 4397 nuper
775 4328 803 4383 in
818 4345 914 4382 moseo
926 4328 1084 4398 Campanae
1103 4328 1266 4398 indagatam
1285 4329 1320 4384 de
1338 4331 1435 4386 arche·

291 4415 360 4484 typo
383 4414 453 4470 mihi
478 4416 653 4472 deformavit.
690 4415 803 4471 Leviter
826 4417 931 4471 incisae
953 4416 1065 4472 litterae
1088 4419 1153 4471 sont
1175 4416 1204 4472 in
1229 4419 1337 4488 patella
1354 4419 1437 4475 fictili

295 4503 383 4576 nigra.
430 4505 506 4560 Idem
530 4505 645 4566 Demo
674 4522 774 4560 nomen
801 4505 829 4560 in
857 4503 979 4578 imagine
1005 4505 1170 4562 alabastrite
1198 4506 1275 4564 facta
1301 4507 1436 4566 iteratum
