<?xml version="1.0" encoding="UTF-8"?>
<!DOCTYPE html PUBLIC "-//W3C//DTD XHTML 1.0 Transitional//EN"
    "http://www.w3.org/TR/xhtml1/DTD/xhtml1-transitional.dtd">
<html xmlns="http://www.w3.org/1999/xhtml" xml:lang="en" lang="en">
 <head>
  <title>
</title>
<meta http-equiv="Content-Type" content="text/html;charset=utf-8" />
  <meta name='ocr-system' content='tesseract 3.04.00' />
  <meta name='ocr-capabilities' content='ocr_page ocr_carea ocr_par ocr_line ocrx_word'/>
</head>
<body>
  <div class='ocr_page' id='page_1' title='image "./fridericiritsch08wachgoog/fridericiritsch08wachgoog_0270.png"; bbox 0 0 3282 5076; ppageno 0'>
   <div class='ocr_carea' id='block_1_1' title="bbox 417 363 1350 454">
    <p class='ocr_par' dir='ltr' id='par_1_1' title="bbox 417 363 1350 454">
     <span class='ocr_line' id='line_1_1' title="bbox 417 363 1350 454; baseline 0.003 -3"><span class='ocrx_word' id='word_1_1' title='bbox 417 363 670 454; x_wconf 75' lang='lat' dir='ltr'><strong>unruoaoaris</strong></span> <span class='ocrx_word' id='word_1_2' title='bbox 694 403 846 453; x_wconf 71' lang='lat' dir='ltr'><strong>carrusa</strong></span> <span class='ocrx_word' id='word_1_3' title='bbox 870 405 1131 454; x_wconf 67' lang='lat' dir='ltr'><strong>coronatarum.</strong></span> <span class='ocrx_word' id='word_1_4' title='bbox 1284 389 1350 454; x_wconf 80' lang='lat'><strong>245</strong></span> 
     </span>
    </p>
   </div>
   <div class='ocr_carea' id='block_1_2' title="bbox 199 546 1419 2572">
    <p class='ocr_par' dir='ltr' id='par_1_2' title="bbox 199 546 1419 2572">
     <span class='ocr_line' id='line_1_2' title="bbox 201 546 1349 635; baseline 0.002 -23"><span class='ocrx_word' id='word_1_5' title='bbox 201 546 365 634; x_wconf 81' lang='lat' dir='ltr'><strong>graphicis</strong></span> <span class='ocrx_word' id='word_1_6' title='bbox 388 568 453 612; x_wconf 90' lang='lat' dir='ltr'><strong>non</strong></span> <span class='ocrx_word' id='word_1_7' title='bbox 477 548 608 633; x_wconf 89' lang='lat' dir='ltr'><strong>desunt,</strong></span> <span class='ocrx_word' id='word_1_8' title='bbox 632 569 714 634; x_wconf 89' lang='lat' dir='ltr'><strong>quae</strong></span> <span class='ocrx_word' id='word_1_9' title='bbox 736 569 853 632; x_wconf 80' lang='lat' dir='ltr'>prosae</span> <span class='ocrx_word' id='word_1_10' title='bbox 877 549 1033 616; x_wconf 84' lang='lat' dir='ltr'><strong>orationis</strong></span> <span class='ocrx_word' id='word_1_11' title='bbox 1057 549 1141 634; x_wconf 83' lang='lat' dir='ltr'><strong>falsa</strong></span> <span class='ocrx_word' id='word_1_12' title='bbox 1166 549 1272 635; x_wconf 90' lang='lat' dir='ltr'><strong>speeie</strong></span> <span class='ocrx_word' id='word_1_13' title='bbox 1296 549 1349 614; x_wconf 90' lang='lat' dir='ltr'><strong>de·</strong></span> 
     </span>
     <span class='ocr_line' id='line_1_3' title="bbox 201 654 1348 742; baseline 0.001 -22"><span class='ocrx_word' id='word_1_14' title='bbox 201 655 324 740; x_wconf 78' lang='lat' dir='ltr'><strong>cepisse</strong></span> <span class='ocrx_word' id='word_1_15' title='bbox 348 654 619 740; x_wconf 79' lang='lat' dir='ltr'><strong>epigrammatum</strong></span> <span class='ocrx_word' id='word_1_16' title='bbox 649 657 886 742; x_wconf 72' lang='lat' dir='ltr'><strong>conquisitores</strong></span> <span class='ocrx_word' id='word_1_17' title='bbox 913 656 1038 722; x_wconf 89' lang='lat' dir='ltr'><strong>mirere.</strong></span> <span class='ocrx_word' id='word_1_18' title='bbox 1083 656 1163 722; x_wconf 85' lang='lat' dir='ltr'><strong>Eius</strong></span> <span class='ocrx_word' id='word_1_19' title='bbox 1190 657 1237 722; x_wconf 90' lang='lat' dir='ltr'><strong>rei</strong></span> <span class='ocrx_word' id='word_1_20' title='bbox 1261 657 1348 721; x_wconf 87' lang='lat' dir='ltr'><strong>lucu-</strong></span> 
     </span>
     <span class='ocr_line' id='line_1_4' title="bbox 200 761 1348 848; baseline 0.003 -21"><span class='ocrx_word' id='word_1_21' title='bbox 200 763 289 828; x_wconf 89' lang='lat' dir='ltr'><strong>lento</strong></span> <span class='ocrx_word' id='word_1_22' title='bbox 322 762 514 828; x_wconf 90' lang='lat' dir='ltr'><strong>documento</strong></span> <span class='ocrx_word' id='word_1_23' title='bbox 547 761 776 829; x_wconf 84' lang='lat' dir='ltr'><strong>Fabrettianus</strong></span> <span class='ocrx_word' id='word_1_24' title='bbox 808 763 924 829; x_wconf 89' lang='lat' dir='ltr'><strong>titulus</strong></span> <span class='ocrx_word' id='word_1_25' title='bbox 956 763 1020 848; x_wconf 90' lang='lat' dir='ltr'>III,</span> <span class='ocrx_word' id='word_1_26' title='bbox 1043 765 1085 830; x_wconf 82' lang='lat'><strong>28</strong></span> <span class='ocrx_word' id='word_1_27' title='bbox 1115 786 1146 848; x_wconf 92' lang='lat' dir='ltr'><strong>p.</strong></span> <span class='ocrx_word' id='word_1_28' title='bbox 1172 763 1234 829; x_wconf 83' lang='lat'><strong>123</strong></span> <span class='ocrx_word' id='word_1_29' title='bbox 1268 767 1348 848; x_wconf 88' lang='lat' dir='ltr'><strong>esto,</strong></span> 
     </span>
     <span class='ocr_line' id='line_1_5' title="bbox 199 869 1348 956; baseline 0.001 -20"><span class='ocrx_word' id='word_1_30' title='bbox 199 871 313 937; x_wconf 86' lang='lat' dir='ltr'><strong>ductus</strong></span> <span class='ocrx_word' id='word_1_31' title='bbox 343 869 393 936; x_wconf 77' lang='lat' dir='ltr'><strong>‘ex</strong></span> <span class='ocrx_word' id='word_1_32' title='bbox 422 870 548 936; x_wconf 89' lang='lat' dir='ltr'><strong>schedis</strong></span> <span class='ocrx_word' id='word_1_33' title='bbox 568 869 737 936; x_wconf 78' lang='lat' dir='ltr'><strong>Vaticanis</strong></span> <span class='ocrx_word' id='word_1_34' title='bbox 765 871 851 956; x_wconf 89' lang='lat' dir='ltr'><strong>apud</strong></span> <span class='ocrx_word' id='word_1_35' title='bbox 874 870 909 939; x_wconf 93' lang='lat' dir='ltr'><strong>P.</strong></span> <span class='ocrx_word' id='word_1_36' title='bbox 934 870 1107 937; x_wconf 81' lang='lat' dir='ltr'><strong>Ciaoonem</strong></span> <span class='ocrx_word' id='word_1_37' title='bbox 1131 871 1191 936; x_wconf 91' lang='lat' dir='ltr'><strong>sub</strong></span> <span class='ocrx_word' id='word_1_38' title='bbox 1209 871 1348 939; x_wconf 89' lang='lat' dir='ltr'><strong>Pincio&#39;:</strong></span> 
     </span>
     <span class='ocr_line' id='line_1_6' title="bbox 200 977 1346 1062; baseline 0 -19"><span class='ocrx_word' id='word_1_39' title='bbox 200 978 246 1044; x_wconf 89' lang='lat' dir='ltr'><strong>sic</strong></span> <span class='ocrx_word' id='word_1_40' title='bbox 280 978 367 1044; x_wconf 92' lang='lat' dir='ltr'><strong>enim</strong></span> <span class='ocrx_word' id='word_1_41' title='bbox 407 977 601 1062; x_wconf 77' lang='lat' dir='ltr'><strong>subscripsit</strong></span> <span class='ocrx_word' id='word_1_42' title='bbox 632 977 825 1043; x_wconf 83' lang='lat' dir='ltr'><strong>Fabrettins.</strong></span> <span class='ocrx_word' id='word_1_43' title='bbox 883 977 967 1044; x_wconf 81' lang='lat' dir='ltr'><strong>Ecce</strong></span> <span class='ocrx_word' id='word_1_44' title='bbox 999 977 1117 1062; x_wconf 86' lang='lat' dir='ltr'><strong>lapidis</strong></span> <span class='ocrx_word' id='word_1_45' title='bbox 1152 977 1346 1062; x_wconf 71' lang='lat' dir='ltr'><strong>scripturam</strong></span> 
     </span>
     <span class='ocr_line' id='line_1_7' title="bbox 199 1084 665 1170; baseline -0.004 -20"><span class='ocrx_word' id='word_1_46' title='bbox 199 1085 333 1150; x_wconf 88' lang='lat' dir='ltr'><strong>dimidia</strong></span> <span class='ocrx_word' id='word_1_47' title='bbox 356 1085 407 1150; x_wconf 89' lang='lat' dir='ltr'><strong>sui</strong></span> <span class='ocrx_word' id='word_1_48' title='bbox 429 1089 522 1170; x_wconf 87' lang='lat' dir='ltr'><strong>perte</strong></span> <span class='ocrx_word' id='word_1_49' title='bbox 544 1084 665 1150; x_wconf 88' lang='lat' dir='ltr'><strong>mutili:</strong></span> 
     </span>
     <span class='ocr_line' id='line_1_8' title="bbox 311 1207 1419 1287; baseline -0.002 -11"><span class='ocrx_word' id='word_1_50' title='bbox 311 1209 338 1287; x_wconf 77' lang='lat' dir='ltr'>Q</span> <span class='ocrx_word' id='word_1_51' title='bbox 384 1245 392 1260; x_wconf 94' lang='lat'><strong>·</strong></span> <span class='ocrx_word' id='word_1_52' title='bbox 437 1209 472 1276; x_wconf 88' lang='lat' dir='ltr'><strong>M</strong></span> <span class='ocrx_word' id='word_1_53' title='bbox 494 1209 526 1275; x_wconf 88' lang='lat' dir='ltr'>A</span> <span class='ocrx_word' id='word_1_54' title='bbox 548 1207 627 1274; x_wconf 83' lang='lat' dir='ltr'><strong>Rc</strong></span> <span class='ocrx_word' id='word_1_55' title='bbox 673 1243 680 1259; x_wconf 90' lang='lat'><strong>·</strong></span> <span class='ocrx_word' id='word_1_56' title='bbox 726 1259 1161 1276; x_wconf 92' lang='lat'><strong>.........</strong></span> <span class='ocrx_word' id='word_1_57' title='bbox 1359 1225 1419 1266; x_wconf 86' lang='lat' dir='ltr'><strong>vm</strong></span> 
     </span>
     <span class='ocr_line' id='line_1_9' title="bbox 310 1315 1200 1384; baseline -0.002 -2"><span class='ocrx_word' id='word_1_58' title='bbox 310 1316 434 1383; x_wconf 79' lang='lat' dir='ltr'>HAVE</span> <span class='ocrx_word' id='word_1_59' title='bbox 458 1315 603 1384; x_wconf 75' lang='lat' dir='ltr'><strong>Dvncn</strong></span> <span class='ocrx_word' id='word_1_60' title='bbox 626 1315 786 1382; x_wconf 82' lang='lat' dir='ltr'><strong>NOBEIS</strong></span> <span class='ocrx_word' id='word_1_61' title='bbox 809 1315 934 1382; x_wconf 86' lang='grc' dir='ltr'>ΝΟΜΕ</span> <span class='ocrx_word' id='word_1_62' title='bbox 1087 1365 1094 1380; x_wconf 94' lang='grc'><strong>.</strong></span> <span class='ocrx_word' id='word_1_63' title='bbox 1140 1369 1147 1382; x_wconf 95' lang='grc'>.</span> <span class='ocrx_word' id='word_1_64' title='bbox 1194 1367 1200 1380; x_wconf 94' lang='grc'><strong>.</strong></span> 
     </span>
     <span class='ocr_line' id='line_1_10' title="bbox 310 1421 1139 1492; baseline -0.001 -2"><span class='ocrx_word' id='word_1_65' title='bbox 310 1422 541 1492; x_wconf 71' lang='grc' dir='ltr'>ΞΤΕΡΗΑΝΕ</span> <span class='ocrx_word' id='word_1_66' title='bbox 566 1423 701 1490; x_wconf 81' lang='lat' dir='ltr'><strong>VITAE</strong></span> <span class='ocrx_word' id='word_1_67' title='bbox 724 1421 926 1490; x_wconf 80' lang='lat' dir='ltr'><strong>NOSTRAE</strong></span> <span class='ocrx_word' id='word_1_68' title='bbox 973 1475 980 1488; x_wconf 90' lang='lat'><strong>.</strong></span> <span class='ocrx_word' id='word_1_69' title='bbox 1026 1474 1032 1488; x_wconf 94' lang='lat'>.</span> <span class='ocrx_word' id='word_1_70' title='bbox 1079 1477 1086 1490; x_wconf 93' lang='lat'><em>.</em></span> <span class='ocrx_word' id='word_1_71' title='bbox 1133 1475 1139 1489; x_wconf 95' lang='lat'><em>.</em></span> 
     </span>
     <span class='ocr_line' id='line_1_11' title="bbox 309 1528 1144 1597; baseline 0.001 -1"><span class='ocrx_word' id='word_1_72' title='bbox 309 1529 428 1596; x_wconf 80' lang='lat' dir='ltr'>VERE</span> <span class='ocrx_word' id='word_1_73' title='bbox 452 1528 696 1596; x_wconf 82' lang='lat' dir='ltr'><strong>OHORONAM</strong></span> <span class='ocrx_word' id='word_1_74' title='bbox 719 1529 776 1595; x_wconf 99' lang='grc' dir='ltr'><strong>ΤΕ</strong></span> <span class='ocrx_word' id='word_1_75' title='bbox 800 1529 931 1596; x_wconf 82' lang='grc' dir='ltr'>ΑΟΕΡΙ</span> <span class='ocrx_word' id='word_1_76' title='bbox 977 1579 986 1596; x_wconf 91' lang='grc'><strong>.</strong></span> <span class='ocrx_word' id='word_1_77' title='bbox 1031 1581 1038 1595; x_wconf 93' lang='grc'><strong>.</strong></span> <span class='ocrx_word' id='word_1_78' title='bbox 1085 1581 1091 1595; x_wconf 94' lang='grc'><strong>.</strong></span> <span class='ocrx_word' id='word_1_79' title='bbox 1137 1581 1144 1597; x_wconf 94' lang='grc'><strong>.</strong></span> 
     </span>
     <span class='ocr_line' id='line_1_12' title="bbox 309 1635 1203 1704; baseline 0.002 -2"><span class='ocrx_word' id='word_1_80' title='bbox 309 1635 495 1704; x_wconf 75' lang='lat' dir='ltr'><strong>Mosuffls</strong></span> <span class='ocrx_word' id='word_1_81' title='bbox 518 1636 609 1704; x_wconf 77' lang='lat' dir='ltr'><strong>TVA</strong></span> <span class='ocrx_word' id='word_1_82' title='bbox 633 1637 689 1702; x_wconf 92' lang='grc' dir='ltr'><strong>ΤΕ</strong></span> <span class='ocrx_word' id='word_1_83' title='bbox 713 1636 911 1703; x_wconf 71' lang='grc' dir='ltr'>ΒΔΙΝΤΑΤ</span> <span class='ocrx_word' id='word_1_84' title='bbox 933 1637 1043 1704; x_wconf 80' lang='grc' dir='ltr'>ΕΤΙ)</span> <span class='ocrx_word' id='word_1_85' title='bbox 1090 1688 1096 1703; x_wconf 95' lang='grc'>.</span> <span class='ocrx_word' id='word_1_86' title='bbox 1143 1690 1149 1703; x_wconf 97' lang='grc'>.</span> <span class='ocrx_word' id='word_1_87' title='bbox 1196 1689 1203 1704; x_wconf 94' lang='grc'><strong>.</strong></span> 
     </span>
     <span class='ocr_line' id='line_1_13' title="bbox 307 1742 1201 1812; baseline 0.002 -2"><span class='ocrx_word' id='word_1_88' title='bbox 307 1744 365 1810; x_wconf 89' lang='grc' dir='ltr'><strong>ΕΤ</strong></span> <span class='ocrx_word' id='word_1_89' title='bbox 387 1743 569 1810; x_wconf 77' lang='lat' dir='ltr'><strong>BLANDA</strong></span> <span class='ocrx_word' id='word_1_90' title='bbox 591 1742 749 1810; x_wconf 83' lang='lat' dir='ltr'>DVLCIS</span> <span class='ocrx_word' id='word_1_91' title='bbox 771 1743 889 1810; x_wconf 84' lang='lat' dir='ltr'><strong>PVPA</strong></span> <span class='ocrx_word' id='word_1_92' title='bbox 911 1743 1042 1812; x_wconf 84' lang='lat' dir='ltr'>DELIO</span> <span class='ocrx_word' id='word_1_93' title='bbox 1088 1795 1095 1811; x_wconf 89' lang='lat'><strong>.</strong></span> <span class='ocrx_word' id='word_1_94' title='bbox 1141 1797 1148 1812; x_wconf 95' lang='lat'><strong><em>.</em></strong></span> <span class='ocrx_word' id='word_1_95' title='bbox 1193 1795 1201 1812; x_wconf 92' lang='lat'><strong>.</strong></span> 
     </span>
     <span class='ocr_line' id='line_1_14' title="bbox 307 1849 1183 1928; baseline 0.001 -10"><span class='ocrx_word' id='word_1_96' title='bbox 307 1851 365 1919; x_wconf 89' lang='grc' dir='ltr'><strong>ΕΤ</strong></span> <span class='ocrx_word' id='word_1_97' title='bbox 388 1850 512 1928; x_wconf 84' lang='lat' dir='ltr'>QVEM</span> <span class='ocrx_word' id='word_1_98' title='bbox 535 1849 595 1916; x_wconf 80' lang='lat' dir='ltr'><strong>TV</strong></span> <span class='ocrx_word' id='word_1_99' title='bbox 618 1849 716 1916; x_wconf 86' lang='lat' dir='ltr'>TVIS</span> <span class='ocrx_word' id='word_1_100' title='bbox 739 1849 938 1916; x_wconf 84' lang='lat' dir='ltr'>MANIBVS</span> <span class='ocrx_word' id='word_1_101' title='bbox 961 1850 1024 1917; x_wconf 90' lang='lat' dir='ltr'><strong>NV</strong></span> <span class='ocrx_word' id='word_1_102' title='bbox 1070 1903 1077 1917; x_wconf 94' lang='lat'><em>.</em></span> <span class='ocrx_word' id='word_1_103' title='bbox 1123 1905 1129 1919; x_wconf 93' lang='lat'><strong>.</strong></span> <span class='ocrx_word' id='word_1_104' title='bbox 1176 1905 1183 1919; x_wconf 92' lang='lat'>.</span> 
     </span>
     <span class='ocr_line' id='line_1_15' title="bbox 309 1956 1164 2035; baseline 0 -9"><span class='ocrx_word' id='word_1_105' title='bbox 309 1957 511 2026; x_wconf 82' lang='lat' dir='ltr'><strong>OFATVM</strong></span> <span class='ocrx_word' id='word_1_106' title='bbox 534 1956 773 2024; x_wconf 82' lang='lat' dir='ltr'>INFELICEM</span> <span class='ocrx_word' id='word_1_107' title='bbox 796 1957 874 2035; x_wconf 85' lang='lat' dir='ltr'><strong>QVI</strong></span> <span class='ocrx_word' id='word_1_108' title='bbox 896 1958 1005 2024; x_wconf 88' lang='grc' dir='ltr'><strong>ΤΕΝ</strong></span> <span class='ocrx_word' id='word_1_109' title='bbox 1051 2011 1058 2024; x_wconf 95' lang='grc'><strong>.</strong></span> <span class='ocrx_word' id='word_1_110' title='bbox 1105 2011 1111 2024; x_wconf 95' lang='grc'>.</span> <span class='ocrx_word' id='word_1_111' title='bbox 1157 2013 1164 2026; x_wconf 95' lang='grc'><strong>.</strong></span> 
     </span>
     <span class='ocr_line' id='line_1_16' title="bbox 248 2062 1159 2132; baseline 0 0"><span class='ocrx_word' id='word_1_112' title='bbox 248 2103 256 2112; x_wconf 87' lang='lat'><em>·</em></span> <span class='ocrx_word' id='word_1_113' title='bbox 308 2065 432 2132; x_wconf 81' lang='lat' dir='ltr'>HAVE</span> <span class='ocrx_word' id='word_1_114' title='bbox 456 2062 596 2132; x_wconf 80' lang='lat' dir='ltr'>CASTA</span> <span class='ocrx_word' id='word_1_115' title='bbox 620 2062 816 2130; x_wconf 86' lang='lat' dir='ltr'>OONIVNX</span> <span class='ocrx_word' id='word_1_116' title='bbox 840 2064 897 2130; x_wconf 85' lang='lat' dir='ltr'><strong>ET</strong></span> <span class='ocrx_word' id='word_1_117' title='bbox 920 2065 954 2130; x_wconf 80' lang='lat' dir='ltr'>M</span> <span class='ocrx_word' id='word_1_118' title='bbox 994 2117 1001 2131; x_wconf 95' lang='lat'><strong>.</strong></span> <span class='ocrx_word' id='word_1_119' title='bbox 1046 2115 1054 2132; x_wconf 91' lang='lat'><strong>.</strong></span> <span class='ocrx_word' id='word_1_120' title='bbox 1100 2117 1107 2131; x_wconf 93' lang='lat'><strong>.</strong></span> <span class='ocrx_word' id='word_1_121' title='bbox 1152 2117 1159 2132; x_wconf 91' lang='lat'><strong>.</strong></span> 
     </span>
     <span class='ocr_line' id='line_1_17' title="bbox 306 2169 1154 2240; baseline 0.001 -1"><span class='ocrx_word' id='word_1_122' title='bbox 306 2172 430 2239; x_wconf 81' lang='lat' dir='ltr'><strong>HAVE</strong></span> <span class='ocrx_word' id='word_1_123' title='bbox 452 2170 504 2236; x_wconf 90' lang='lat' dir='ltr'><strong>MI</strong></span> <span class='ocrx_word' id='word_1_124' title='bbox 527 2169 722 2236; x_wconf 73' lang='lat' dir='ltr'><strong>DIODORE</strong></span> <span class='ocrx_word' id='word_1_125' title='bbox 746 2169 884 2237; x_wconf 83' lang='lat' dir='ltr'><strong>AMICE</strong></span> <span class='ocrx_word' id='word_1_126' title='bbox 908 2171 996 2237; x_wconf 80' lang='lat' dir='ltr'><strong>FnA</strong></span> <span class='ocrx_word' id='word_1_127' title='bbox 1041 2226 1048 2240; x_wconf 89' lang='lat'><strong>.</strong></span> <span class='ocrx_word' id='word_1_128' title='bbox 1094 2225 1101 2240; x_wconf 87' lang='lat'><em>.</em></span> <span class='ocrx_word' id='word_1_129' title='bbox 1147 2227 1154 2240; x_wconf 94' lang='lat'><strong>.</strong></span> 
     </span>
     <span class='ocr_line' id='line_1_18' title="bbox 305 2277 1252 2348; baseline 0.002 -2"><span class='ocrx_word' id='word_1_130' title='bbox 305 2280 403 2346; x_wconf 82' lang='lat' dir='ltr'><strong>NAM</strong></span> <span class='ocrx_word' id='word_1_131' title='bbox 426 2281 484 2347; x_wconf 92' lang='grc' dir='ltr'><strong>ΕΤ</strong></span> <span class='ocrx_word' id='word_1_132' title='bbox 507 2279 635 2346; x_wconf 80' lang='lat' dir='ltr'>AMIOI</span> <span class='ocrx_word' id='word_1_133' title='bbox 658 2277 829 2346; x_wconf 83' lang='lat' dir='ltr'><strong>OFFICIA</strong></span> <span class='ocrx_word' id='word_1_134' title='bbox 851 2279 909 2345; x_wconf 83' lang='lat' dir='ltr'><strong>ET</strong></span> <span class='ocrx_word' id='word_1_135' title='bbox 931 2279 1091 2346; x_wconf 86' lang='grc' dir='ltr'>ΡΙΕΤΑΤ</span> <span class='ocrx_word' id='word_1_136' title='bbox 1139 2333 1146 2346; x_wconf 95' lang='grc'><strong>.</strong></span> <span class='ocrx_word' id='word_1_137' title='bbox 1192 2332 1199 2347; x_wconf 95' lang='grc'>.</span> <span class='ocrx_word' id='word_1_138' title='bbox 1245 2333 1252 2348; x_wconf 90' lang='grc'><strong>.</strong></span> 
     </span>
     <span class='ocr_line' id='line_1_19' title="bbox 306 2385 1162 2454; baseline -0.002 0"><span class='ocrx_word' id='word_1_139' title='bbox 306 2386 431 2454; x_wconf 84' lang='lat' dir='ltr'><strong>HAVE</strong></span> <span class='ocrx_word' id='word_1_140' title='bbox 454 2385 570 2454; x_wconf 89' lang='lat' dir='ltr'><strong>PVPA</strong></span> <span class='ocrx_word' id='word_1_141' title='bbox 593 2385 775 2452; x_wconf 85' lang='lat' dir='ltr'><strong>BLANDA</strong></span> <span class='ocrx_word' id='word_1_142' title='bbox 798 2385 944 2450; x_wconf 81' lang='lat' dir='ltr'>ANIMA</span> <span class='ocrx_word' id='word_1_143' title='bbox 967 2386 1002 2450; x_wconf 89' lang='lat' dir='ltr'>M</span> <span class='ocrx_word' id='word_1_144' title='bbox 1048 2437 1054 2452; x_wconf 96' lang='lat'>.</span> <span class='ocrx_word' id='word_1_145' title='bbox 1101 2437 1108 2454; x_wconf 93' lang='lat'><em>.</em></span> <span class='ocrx_word' id='word_1_146' title='bbox 1156 2438 1162 2452; x_wconf 95' lang='lat'>.</span> 
     </span>
     <span class='ocr_line' id='line_1_20' title="bbox 306 2491 1198 2572; baseline 0 -11"><span class='ocrx_word' id='word_1_147' title='bbox 306 2494 431 2572; x_wconf 85' lang='lat' dir='ltr'>QVEM</span> <span class='ocrx_word' id='word_1_148' title='bbox 453 2493 603 2560; x_wconf 82' lang='lat' dir='ltr'>NVPER</span> <span class='ocrx_word' id='word_1_149' title='bbox 625 2491 840 2559; x_wconf 80' lang='lat' dir='ltr'><strong>PARARAM</strong></span> <span class='ocrx_word' id='word_1_150' title='bbox 863 2493 923 2558; x_wconf 81' lang='lat' dir='ltr'><strong>VT</strong></span> <span class='ocrx_word' id='word_1_151' title='bbox 946 2493 1039 2558; x_wconf 87' lang='lat' dir='ltr'><strong>HAB</strong></span> <span class='ocrx_word' id='word_1_152' title='bbox 1084 2545 1091 2560; x_wconf 91' lang='lat'><strong>.</strong></span> <span class='ocrx_word' id='word_1_153' title='bbox 1137 2547 1144 2561; x_wconf 89' lang='lat'><strong>.</strong></span> <span class='ocrx_word' id='word_1_154' title='bbox 1190 2547 1198 2561; x_wconf 91' lang='lat'><strong>.</strong></span> 
     </span>
    </p>
   </div>
   <div class='ocr_carea' id='block_1_3' title="bbox 78 2637 1341 4332">
    <p class='ocr_par' dir='ltr' id='par_1_3' title="bbox 78 2637 1341 4332">
     <span class='ocr_line' id='line_1_21' title="bbox 195 2637 1341 2724; baseline -0.001 -20"><span class='ocrx_word' id='word_1_155' title='bbox 195 2637 299 2704; x_wconf 90' lang='lat' dir='ltr'><strong>Huius</strong></span> <span class='ocrx_word' id='word_1_156' title='bbox 322 2637 411 2703; x_wconf 91' lang='lat' dir='ltr'><strong>tituli</strong></span> <span class='ocrx_word' id='word_1_157' title='bbox 435 2641 516 2722; x_wconf 89' lang='lat' dir='ltr'><strong>quot</strong></span> <span class='ocrx_word' id='word_1_158' title='bbox 538 2659 659 2722; x_wconf 78' lang='lat' dir='ltr'><strong>versus,</strong></span> <span class='ocrx_word' id='word_1_159' title='bbox 688 2641 739 2702; x_wconf 89' lang='lat' dir='ltr'><strong>tot</strong></span> <span class='ocrx_word' id='word_1_160' title='bbox 761 2637 828 2701; x_wconf 88' lang='lat' dir='ltr'><strong>fere</strong></span> <span class='ocrx_word' id='word_1_161' title='bbox 853 2658 923 2702; x_wconf 89' lang='lat' dir='ltr'><strong>esse</strong></span> <span class='ocrx_word' id='word_1_162' title='bbox 946 2637 1148 2703; x_wconf 87' lang='lat' dir='ltr'><strong>senariorum</strong></span> <span class='ocrx_word' id='word_1_163' title='bbox 1171 2639 1341 2724; x_wconf 82' lang='lat' dir='ltr'><strong>principia,</strong></span> 
     </span>
     <span class='ocr_line' id='line_1_22' title="bbox 195 2744 1340 2832; baseline 0 -21"><span class='ocrx_word' id='word_1_164' title='bbox 195 2747 249 2832; x_wconf 90' lang='lat' dir='ltr'><strong>qui</strong></span> <span class='ocrx_word' id='word_1_165' title='bbox 278 2747 419 2832; x_wconf 88' lang='lat' dir='ltr'><strong>aliquem</strong></span> <span class='ocrx_word' id='word_1_166' title='bbox 447 2745 527 2810; x_wconf 87' lang='lat' dir='ltr'><strong>artis</strong></span> <span class='ocrx_word' id='word_1_167' title='bbox 555 2767 649 2810; x_wconf 89' lang='lat' dir='ltr'><strong>usum</strong></span> <span class='ocrx_word' id='word_1_168' title='bbox 676 2744 810 2828; x_wconf 90' lang='lat' dir='ltr'><strong>habeat,</strong></span> <span class='ocrx_word' id='word_1_169' title='bbox 846 2745 1060 2830; x_wconf 82' lang='lat' dir='ltr'><strong>persentiscat</strong></span> <span class='ocrx_word' id='word_1_170' title='bbox 1086 2750 1216 2830; x_wconf 89' lang='lat' dir='ltr'><strong>oportet</strong></span> <span class='ocrx_word' id='word_1_171' title='bbox 1243 2745 1340 2811; x_wconf 87' lang='lat' dir='ltr'><strong>simul</strong></span> 
     </span>
     <span class='ocr_line' id='line_1_23' title="bbox 195 2851 1339 2939; baseline -0.001 -20"><span class='ocrx_word' id='word_1_172' title='bbox 195 2857 291 2939; x_wconf 86' lang='lat' dir='ltr'><strong>etque</strong></span> <span class='ocrx_word' id='word_1_173' title='bbox 318 2853 421 2918; x_wconf 91' lang='lat' dir='ltr'><strong>oculis</strong></span> <span class='ocrx_word' id='word_1_174' title='bbox 451 2851 653 2936; x_wconf 88' lang='lat' dir='ltr'><strong>percurrerit.</strong></span> <span class='ocrx_word' id='word_1_175' title='bbox 698 2851 750 2916; x_wconf 85' lang='lat' dir='ltr'><strong>Ad</strong></span> <span class='ocrx_word' id='word_1_176' title='bbox 778 2851 1009 2918; x_wconf 88' lang='lat' dir='ltr'><strong>sententiarum</strong></span> <span class='ocrx_word' id='word_1_177' title='bbox 1038 2855 1147 2916; x_wconf 89' lang='lat' dir='ltr'><strong>autem</strong></span> <span class='ocrx_word' id='word_1_178' title='bbox 1179 2852 1339 2918; x_wconf 88' lang='lat' dir='ltr'><strong>rationem</strong></span> 
     </span>
     <span class='ocr_line' id='line_1_24' title="bbox 194 2957 1339 3051; baseline -0.001 -25"><span class='ocrx_word' id='word_1_179' title='bbox 194 2959 280 3051; x_wconf 88' lang='lat' dir='ltr'><strong>quod</strong></span> <span class='ocrx_word' id='word_1_180' title='bbox 303 2960 438 3044; x_wconf 85' lang='lat' dir='ltr'><strong>attinet,</strong></span> <span class='ocrx_word' id='word_1_181' title='bbox 466 2960 507 3025; x_wconf 88' lang='lat' dir='ltr'><strong>ab</strong></span> <span class='ocrx_word' id='word_1_182' title='bbox 535 2959 629 3026; x_wconf 90' lang='lat' dir='ltr'><strong>initio</strong></span> <span class='ocrx_word' id='word_1_183' title='bbox 658 2963 793 3045; x_wconf 89' lang='lat' dir='ltr'><strong>apparet</strong></span> <span class='ocrx_word' id='word_1_184' title='bbox 815 2958 852 3036; x_wconf 80' lang='lat' dir='ltr'><strong>Q.</strong></span> <span class='ocrx_word' id='word_1_185' title='bbox 870 2957 984 3024; x_wconf 88' lang='lat' dir='ltr'><strong>Marcii</strong></span> <span class='ocrx_word' id='word_1_186' title='bbox 1008 2958 1244 3025; x_wconf 88' lang='lat' dir='ltr'><strong>adlocutionem</strong></span> <span class='ocrx_word' id='word_1_187' title='bbox 1269 2983 1339 3026; x_wconf 90' lang='lat' dir='ltr'><strong>esse</strong></span> 
     </span>
     <span class='ocr_line' id='line_1_25' title="bbox 195 3065 1338 3152; baseline 0 -20"><span class='ocrx_word' id='word_1_188' title='bbox 195 3067 235 3132; x_wconf 85' lang='lat' dir='ltr'><strong>cd</strong></span> <span class='ocrx_word' id='word_1_189' title='bbox 259 3071 420 3132; x_wconf 87' lang='lat' dir='ltr'><strong>mortuam</strong></span> <span class='ocrx_word' id='word_1_190' title='bbox 444 3088 577 3134; x_wconf 86' lang='lat' dir='ltr'><strong>uxorem</strong></span> <span class='ocrx_word' id='word_1_191' title='bbox 601 3065 787 3151; x_wconf 83' lang='lat' dir='ltr'><strong>Stephanen</strong></span> <span class='ocrx_word' id='word_1_192' title='bbox 810 3067 1040 3151; x_wconf 89' lang='lat' dir='ltr'><strong>pertinentem,</strong></span> <span class='ocrx_word' id='word_1_193' title='bbox 1065 3065 1224 3152; x_wconf 80' lang='lat' dir='ltr'><strong>iriaeque</strong></span> <span class='ocrx_word' id='word_1_194' title='bbox 1252 3067 1338 3132; x_wconf 88' lang='lat' dir='ltr'><strong>adlo-</strong></span> 
     </span>
     <span class='ocr_line' id='line_1_26' title="bbox 194 3172 1337 3259; baseline -0.001 -19"><span class='ocrx_word' id='word_1_195' title='bbox 194 3175 322 3240; x_wconf 88' lang='lat' dir='ltr'><strong>cutione</strong></span> <span class='ocrx_word' id='word_1_196' title='bbox 341 3173 538 3240; x_wconf 88' lang='lat' dir='ltr'><strong>mentionem</strong></span> <span class='ocrx_word' id='word_1_197' title='bbox 557 3173 628 3238; x_wconf 89' lang='lat' dir='ltr'><strong>fieri</strong></span> <span class='ocrx_word' id='word_1_198' title='bbox 646 3173 865 3238; x_wconf 88' lang='lat' dir='ltr'><strong>communium</strong></span> <span class='ocrx_word' id='word_1_199' title='bbox 884 3173 1059 3238; x_wconf 90' lang='lat' dir='ltr'><strong>liberorum</strong></span> <span class='ocrx_word' id='word_1_200' title='bbox 1081 3177 1246 3259; x_wconf 86' lang='lat' dir='ltr'><strong>quattuor:</strong></span> <span class='ocrx_word' id='word_1_201' title='bbox 1269 3172 1337 3240; x_wconf 91' lang='lat' dir='ltr'><strong>Mo-</strong></span> 
     </span>
     <span class='ocr_line' id='line_1_27' title="bbox 194 3279 1337 3364; baseline 0.001 -19"><span class='ocrx_word' id='word_1_202' title='bbox 194 3281 325 3364; x_wconf 87' lang='lat' dir='ltr'><strong>schidis,</strong></span> <span class='ocrx_word' id='word_1_203' title='bbox 353 3280 486 3346; x_wconf 87' lang='lat' dir='ltr'><strong>alterius</strong></span> <span class='ocrx_word' id='word_1_204' title='bbox 510 3279 676 3345; x_wconf 87' lang='lat' dir='ltr'><strong>cuiusdam</strong></span> <span class='ocrx_word' id='word_1_205' title='bbox 699 3280 786 3345; x_wconf 87' lang='lat' dir='ltr'><strong>filiae</strong></span> <span class='ocrx_word' id='word_1_206' title='bbox 810 3279 899 3345; x_wconf 91' lang='lat' dir='ltr'><strong>cuius</strong></span> <span class='ocrx_word' id='word_1_207' title='bbox 922 3301 1040 3346; x_wconf 92' lang='lat' dir='ltr'><strong>nomen</strong></span> <span class='ocrx_word' id='word_1_208' title='bbox 1063 3303 1083 3345; x_wconf 89' lang='lat' dir='ltr'><strong>a</strong></span> <span class='ocrx_word' id='word_1_209' title='bbox 1105 3279 1135 3346; x_wconf 93' lang='lat' dir='ltr'>D</span> <span class='ocrx_word' id='word_1_210' title='bbox 1159 3281 1270 3346; x_wconf 89' lang='lat' dir='ltr'><strong>littera</strong></span> <span class='ocrx_word' id='word_1_211' title='bbox 1292 3281 1337 3346; x_wconf 89' lang='lat' dir='ltr'><strong>in-</strong></span> 
     </span>
     <span class='ocr_line' id='line_1_28' title="bbox 194 3387 1336 3474; baseline 0.001 -22"><span class='ocrx_word' id='word_1_212' title='bbox 194 3387 283 3471; x_wconf 82' lang='lat' dir='ltr'><strong>cipit,</strong></span> <span class='ocrx_word' id='word_1_213' title='bbox 304 3387 419 3453; x_wconf 88' lang='lat' dir='ltr'><strong>tertiae</strong></span> <span class='ocrx_word' id='word_1_214' title='bbox 439 3387 565 3474; x_wconf 88' lang='lat' dir='ltr'><strong>puellae</strong></span> <span class='ocrx_word' id='word_1_215' title='bbox 584 3387 635 3453; x_wconf 89' lang='lat' dir='ltr'><strong>cui</strong></span> <span class='ocrx_word' id='word_1_216' title='bbox 648 3387 759 3472; x_wconf 89' lang='lat' dir='ltr'><strong>Pupae</strong></span> <span class='ocrx_word' id='word_1_217' title='bbox 777 3408 904 3470; x_wconf 90' lang='lat' dir='ltr'><strong>nomen,</strong></span> <span class='ocrx_word' id='word_1_218' title='bbox 926 3390 1091 3470; x_wconf 90' lang='lat' dir='ltr'><strong>postremo</strong></span> <span class='ocrx_word' id='word_1_219' title='bbox 1109 3387 1235 3471; x_wconf 88' lang='lat' dir='ltr'><strong>pueruli</strong></span> <span class='ocrx_word' id='word_1_220' title='bbox 1258 3394 1336 3453; x_wconf 91' lang='lat' dir='ltr'><strong>natu</strong></span> 
     </span>
     <span class='ocr_line' id='line_1_29' title="bbox 196 3492 1337 3579; baseline 0 -21"><span class='ocrx_word' id='word_1_221' title='bbox 196 3493 332 3560; x_wconf 89' lang='lat' dir='ltr'><strong>minimi.</strong></span> <span class='ocrx_word' id='word_1_222' title='bbox 368 3492 431 3559; x_wconf 83' lang='lat' dir='ltr'><strong>Sed</strong></span> <span class='ocrx_word' id='word_1_223' title='bbox 450 3494 526 3579; x_wconf 89' lang='lat' dir='ltr'><strong>quid</strong></span> <span class='ocrx_word' id='word_1_224' title='bbox 550 3516 619 3559; x_wconf 92' lang='lat' dir='ltr'><strong>esse</strong></span> <span class='ocrx_word' id='word_1_225' title='bbox 643 3493 722 3558; x_wconf 86' lang='lat' dir='ltr'><strong>illud</strong></span> <span class='ocrx_word' id='word_1_226' title='bbox 741 3493 894 3578; x_wconf 88' lang='lat' dir='ltr'><strong>dicamus,</strong></span> <span class='ocrx_word' id='word_1_227' title='bbox 917 3493 1002 3578; x_wconf 89' lang='lat' dir='ltr'><strong>qnod</strong></span> <span class='ocrx_word' id='word_1_228' title='bbox 1021 3493 1222 3577; x_wconf 89' lang='lat' dir='ltr'><strong>paenultimo</strong></span> <span class='ocrx_word' id='word_1_229' title='bbox 1242 3515 1337 3558; x_wconf 84' lang='lat' dir='ltr'><strong>versu</strong></span> 
     </span>
     <span class='ocr_line' id='line_1_30' title="bbox 194 3597 1336 3686; baseline -0.001 -20"><span class='ocrx_word' id='word_1_230' title='bbox 194 3601 308 3667; x_wconf 87' lang='lat' dir='ltr'><strong>eadem</strong></span> <span class='ocrx_word' id='word_1_231' title='bbox 340 3601 454 3667; x_wconf 80' lang='lat' dir='ltr'><strong>blundo</strong></span> <span class='ocrx_word' id='word_1_232' title='bbox 480 3599 574 3684; x_wconf 79' lang='lat' dir='ltr'><strong>Papa</strong></span> <span class='ocrx_word' id='word_1_233' title='bbox 604 3600 663 3666; x_wconf 90' lang='lat' dir='ltr'><strong>illa</strong></span> <span class='ocrx_word' id='word_1_234' title='bbox 695 3597 806 3684; x_wconf 86' lang='lat' dir='ltr'><strong>(qnam</strong></span> <span class='ocrx_word' id='word_1_235' title='bbox 835 3621 913 3666; x_wconf 86' lang='lat' dir='ltr'><strong>cave</strong></span> <span class='ocrx_word' id='word_1_236' title='bbox 947 3621 1006 3686; x_wconf 89' lang='lat' dir='ltr'><strong>pro</strong></span> <span class='ocrx_word' id='word_1_237' title='bbox 1034 3599 1148 3665; x_wconf 79' lang='lat' dir='ltr'><strong>blanda</strong></span> <span class='ocrx_word' id='word_1_238' title='bbox 1168 3621 1259 3684; x_wconf 81' lang='lat' dir='ltr'><strong>papa</strong></span> <span class='ocrx_word' id='word_1_239' title='bbox 1286 3601 1336 3665; x_wconf 85' lang='lat' dir='ltr'><strong>vel</strong></span> 
     </span>
     <span class='ocr_line' id='line_1_31' title="bbox 194 3706 1336 3795; baseline -0.002 -21"><span class='ocrx_word' id='word_1_240' title='bbox 194 3707 324 3774; x_wconf 82' lang='lat' dir='ltr'><strong>Blanda</strong></span> <span class='ocrx_word' id='word_1_241' title='bbox 340 3729 429 3791; x_wconf 78' lang='lat' dir='ltr'><strong>papa</strong></span> <span class='ocrx_word' id='word_1_242' title='bbox 447 3706 602 3795; x_wconf 83' lang='lat' dir='ltr'><strong>accipias)</strong></span> <span class='ocrx_word' id='word_1_243' title='bbox 625 3707 819 3793; x_wconf 83' lang='lat' dir='ltr'><strong>appellatur</strong></span> <span class='ocrx_word' id='word_1_244' title='bbox 828 3707 974 3774; x_wconf 83' lang='lat' dir='ltr'><strong>vocativo</strong></span> <span class='ocrx_word' id='word_1_245' title='bbox 994 3729 1079 3792; x_wconf 86' lang='lat' dir='ltr'><strong>casu,</strong></span> <span class='ocrx_word' id='word_1_246' title='bbox 1098 3711 1213 3794; x_wconf 88' lang='lat' dir='ltr'><strong>quarto</strong></span> <span class='ocrx_word' id='word_1_247' title='bbox 1228 3711 1336 3773; x_wconf 86' lang='lat' dir='ltr'><strong>eutem</strong></span> 
     </span>
     <span class='ocr_line' id='line_1_32' title="bbox 194 3801 1337 3898; baseline -0.001 -17"><span class='ocrx_word' id='word_1_248' title='bbox 194 3839 213 3881; x_wconf 86' lang='lat' dir='ltr'><strong>e</strong></span> <span class='ocrx_word' id='word_1_249' title='bbox 236 3817 299 3882; x_wconf 88' lang='lat' dir='ltr'><strong>fine</strong></span> <span class='ocrx_word' id='word_1_250' title='bbox 322 3815 483 3882; x_wconf 86' lang='lat' dir='ltr'><strong>adlocutio</strong></span> <span class='ocrx_word' id='word_1_251' title='bbox 510 3817 547 3880; x_wconf 91' lang='lat' dir='ltr'><strong>fit</strong></span> <span class='ocrx_word' id='word_1_252' title='bbox 568 3836 634 3880; x_wconf 91' lang='lat' dir='ltr'><strong>non</strong></span> <span class='ocrx_word' id='word_1_253' title='bbox 657 3814 697 3879; x_wconf 88' lang='lat' dir='ltr'><strong>ad</strong></span> <span class='ocrx_word' id='word_1_254' title='bbox 721 3801 919 3898; x_wconf 69' lang='lat' dir='ltr'><strong>Stephanen&#39;</strong></span> <span class='ocrx_word' id='word_1_255' title='bbox 936 3835 1067 3880; x_wconf 88' lang='lat' dir='ltr'><strong>uxorem</strong></span> <span class='ocrx_word' id='word_1_256' title='bbox 1090 3817 1253 3898; x_wconf 87' lang='lat' dir='ltr'><strong>spectans,</strong></span> <span class='ocrx_word' id='word_1_257' title='bbox 1281 3815 1337 3880; x_wconf 90' lang='lat' dir='ltr'><strong>sed</strong></span> 
     </span>
     <span class='ocr_line' id='line_1_33' title="bbox 78 3921 1335 4008; baseline 0 -20"><span class='ocrx_word' id='word_1_258' title='bbox 78 3947 82 3952; x_wconf 88' lang='lat'><em>·</em></span> <span class='ocrx_word' id='word_1_259' title='bbox 194 3923 234 3988; x_wconf 93' lang='lat' dir='ltr'><strong>ad</strong></span> <span class='ocrx_word' id='word_1_260' title='bbox 262 3925 408 4008; x_wconf 79' lang='lat' dir='ltr'><strong>aliquem¹</strong></span> <span class='ocrx_word' id='word_1_261' title='bbox 425 3921 603 3989; x_wconf 87' lang='lat' dir='ltr'><strong>Diodorum</strong></span> <span class='ocrx_word' id='word_1_262' title='bbox 631 3921 793 3988; x_wconf 84' lang='lat' dir='ltr'><strong>amicum?</strong></span> <span class='ocrx_word' id='word_1_263' title='bbox 839 3921 928 3998; x_wconf 83' lang='lat' dir='ltr'><strong>Quae</strong></span> <span class='ocrx_word' id='word_1_264' title='bbox 956 3943 1028 3987; x_wconf 91' lang='lat' dir='ltr'><strong>cum</strong></span> <span class='ocrx_word' id='word_1_265' title='bbox 1055 3944 1169 4007; x_wconf 89' lang='lat' dir='ltr'><strong>parum</strong></span> <span class='ocrx_word' id='word_1_266' title='bbox 1192 3923 1335 3988; x_wconf 82' lang='lat' dir='ltr'><strong>interae</strong></span> 
     </span>
     <span class='ocr_line' id='line_1_34' title="bbox 194 4029 1335 4116; baseline 0.001 -20"><span class='ocrx_word' id='word_1_267' title='bbox 194 4049 371 4116; x_wconf 81' lang='lat' dir='ltr'><strong>congruere</strong></span> <span class='ocrx_word' id='word_1_268' title='bbox 394 4030 499 4114; x_wconf 92' lang='lat' dir='ltr'><strong>primo</strong></span> <span class='ocrx_word' id='word_1_269' title='bbox 523 4034 655 4115; x_wconf 91' lang='lat' dir='ltr'><strong>aspectu</strong></span> <span class='ocrx_word' id='word_1_270' title='bbox 679 4029 857 4114; x_wconf 86' lang='lat' dir='ltr'><strong>videantur,</strong></span> <span class='ocrx_word' id='word_1_271' title='bbox 884 4053 949 4094; x_wconf 90' lang='lat' dir='ltr'><strong>una</strong></span> <span class='ocrx_word' id='word_1_272' title='bbox 971 4031 1042 4096; x_wconf 91' lang='lat' dir='ltr'><strong>sola</strong></span> <span class='ocrx_word' id='word_1_273' title='bbox 1064 4031 1118 4095; x_wconf 84' lang='lat' dir='ltr'><strong>via</strong></span> <span class='ocrx_word' id='word_1_274' title='bbox 1141 4030 1335 4116; x_wconf 88' lang='lat' dir='ltr'><strong>explicatum</strong></span> 
     </span>
     <span class='ocr_line' id='line_1_35' title="bbox 193 4137 1335 4205; baseline 0.002 -3"><span class='ocrx_word' id='word_1_275' title='bbox 193 4141 226 4202; x_wconf 94' lang='lat' dir='ltr'><strong>et</strong></span> <span class='ocrx_word' id='word_1_276' title='bbox 248 4137 465 4204; x_wconf 86' lang='lat' dir='ltr'><strong>certissimum</strong></span> <span class='ocrx_word' id='word_1_277' title='bbox 494 4141 526 4202; x_wconf 88' lang='lat' dir='ltr'><strong>et</strong></span> <span class='ocrx_word' id='word_1_278' title='bbox 553 4137 850 4205; x_wconf 89' lang='lat' dir='ltr'><strong>commodissimum</strong></span> <span class='ocrx_word' id='word_1_279' title='bbox 877 4138 1114 4203; x_wconf 90' lang='lat' dir='ltr'><strong>nanciscuntur.</strong></span> <span class='ocrx_word' id='word_1_280' title='bbox 1158 4137 1335 4204; x_wconf 83' lang='lat' dir='ltr'><strong>Enimvero</strong></span> 
     </span>
     <span class='ocr_line' id='line_1_36' title="bbox 193 4244 1335 4332; baseline 0.003 -24"><span class='ocrx_word' id='word_1_281' title='bbox 193 4267 210 4308; x_wconf 93' lang='lat' dir='ltr'><strong>e</strong></span> <span class='ocrx_word' id='word_1_282' title='bbox 233 4248 319 4310; x_wconf 90' lang='lat' dir='ltr'><strong>recte</strong></span> <span class='ocrx_word' id='word_1_283' title='bbox 343 4245 491 4328; x_wconf 87' lang='lat' dir='ltr'><strong>suppleto</strong></span> <span class='ocrx_word' id='word_1_284' title='bbox 515 4266 552 4310; x_wconf 94' lang='lat' dir='ltr'><strong>eo</strong></span> <span class='ocrx_word' id='word_1_285' title='bbox 576 4267 680 4330; x_wconf 82' lang='lat' dir='ltr'><strong>versu,</strong></span> <span class='ocrx_word' id='word_1_286' title='bbox 703 4244 757 4328; x_wconf 93' lang='lat' dir='ltr'><strong>qui</strong></span> <span class='ocrx_word' id='word_1_287' title='bbox 780 4244 911 4329; x_wconf 89' lang='lat' dir='ltr'><strong>quintus</strong></span> <span class='ocrx_word' id='word_1_288' title='bbox 935 4267 955 4309; x_wconf 90' lang='lat' dir='ltr'><strong>a</strong></span> <span class='ocrx_word' id='word_1_289' title='bbox 977 4245 1040 4310; x_wconf 91' lang='lat' dir='ltr'><strong>fine</strong></span> <span class='ocrx_word' id='word_1_290' title='bbox 1063 4249 1122 4329; x_wconf 83' lang='lat' dir='ltr'><strong>est,</strong></span> <span class='ocrx_word' id='word_1_291' title='bbox 1144 4245 1246 4310; x_wconf 90' lang='lat' dir='ltr'><strong>totius</strong></span> <span class='ocrx_word' id='word_1_292' title='bbox 1269 4247 1335 4332; x_wconf 90' lang='lat' dir='ltr'><strong>epi·</strong></span> 
     </span>
    </p>
   </div>
   <div class='ocr_carea' id='block_1_4' title="bbox 193 4435 1335 4605">
    <p class='ocr_par' dir='ltr' id='par_1_4' title="bbox 193 4435 1335 4605">
     <span class='ocr_line' id='line_1_37' title="bbox 194 4435 1335 4510; baseline 0.001 -16"><span class='ocrx_word' id='word_1_293' title='bbox 194 4439 347 4495; x_wconf 87' lang='lat' dir='ltr'><strong>Brunniani</strong></span> <span class='ocrx_word' id='word_1_294' title='bbox 365 4438 419 4494; x_wconf 84' lang='lat' dir='ltr'><strong>tide</strong></span> <span class='ocrx_word' id='word_1_295' title='bbox 438 4437 566 4494; x_wconf 88' lang='lat' dir='ltr'><strong>substitit</strong></span> <span class='ocrx_word' id='word_1_296' title='bbox 579 4437 758 4508; x_wconf 80' lang='lat' dir='ltr'><strong>Bitschelius,</strong></span> <span class='ocrx_word' id='word_1_297' title='bbox 772 4435 972 4510; x_wconf 73' lang='lat' dir='ltr'><strong>(torcinianum,</strong></span> <span class='ocrx_word' id='word_1_298' title='bbox 986 4438 1163 4510; x_wconf 79' lang='lat' dir='ltr'><strong>Aegyptium,</strong></span> <span class='ocrx_word' id='word_1_299' title='bbox 1180 4437 1335 4510; x_wconf 82' lang='lat' dir='ltr'><strong>Oimaliam,</strong></span> 
     </span>
     <span class='ocr_line' id='line_1_38' title="bbox 193 4525 1335 4605; baseline 0.003 -21"><span class='ocrx_word' id='word_1_300' title='bbox 193 4528 342 4600; x_wconf 86' lang='lat' dir='ltr'><strong>Lupolium</strong></span> <span class='ocrx_word' id='word_1_301' title='bbox 361 4546 412 4585; x_wconf 84' lang='lat' dir='ltr'><strong>sua</strong></span> <span class='ocrx_word' id='word_1_302' title='bbox 430 4529 591 4586; x_wconf 88' lang='lat' dir='ltr'><strong>coniectura</strong></span> <span class='ocrx_word' id='word_1_303' title='bbox 608 4545 672 4585; x_wconf 88' lang='lat' dir='ltr'><strong>usos</strong></span> <span class='ocrx_word' id='word_1_304' title='bbox 690 4545 785 4585; x_wconf 85' lang='lat' dir='ltr'><strong>omnes</strong></span> <span class='ocrx_word' id='word_1_305' title='bbox 800 4525 965 4600; x_wconf 59' lang='lat' dir='ltr'><strong>suspicatae</strong></span> <span class='ocrx_word' id='word_1_306' title='bbox 985 4529 1019 4586; x_wconf 79' lang='lat' dir='ltr'><strong>ci.</strong></span> <span class='ocrx_word' id='word_1_307' title='bbox 1030 4529 1127 4586; x_wconf 82' lang='lat' dir='ltr'><strong>Enarr.</strong></span> <span class='ocrx_word' id='word_1_308' title='bbox 1142 4549 1169 4602; x_wconf 87' lang='lat' dir='ltr'><strong>p.</strong></span> <span class='ocrx_word' id='word_1_309' title='bbox 1181 4537 1222 4587; x_wconf 78' lang='lat'><strong>71.</strong></span> <span class='ocrx_word' id='word_1_310' title='bbox 1243 4531 1335 4605; x_wconf 84' lang='lat' dir='ltr'>C.W.]</span> 
     </span>
    </p>
   </div>
   <div class='ocr_carea' id='block_1_5' title="bbox 0 0 1646 5076">
    <p class='ocr_par' dir='ltr' id='par_1_5' title="bbox 0 0 1646 5076">
     <span class='ocr_line' id='line_1_39' title="bbox 0 0 1646 5076; baseline 0 3"><span class='ocrx_word' id='word_1_311' title='bbox 0 0 1646 5076; x_wconf 95' lang='lat' dir='ltr'><strong> </strong></span> 
     </span>
    </p>
   </div>
  </div>
 </body>
</html>
