3166 5084
299 335 341 404 26
657 357 872 406 uerruefflvm
896 358 1077 406 uaruicum

300 500 461 588 Parergon
484 502 584 586 praef.
603 524 634 585 p.
649 519 735 566 xxxi
754 501 934 584 attulimus,
947 523 1033 567 novo
1048 501 1238 567 documento
1259 502 1452 567 confirman-

301 609 374 702 dam
398 609 559 694 imprimis
578 609 738 674 idoneum.
775 605 897 674 Contra
915 607 943 673 ai
964 627 986 674 Λ
1006 629 1133 693 quoque
1152 608 1230 673 illud
1250 609 1452 694 ambignum,

299 738 364 781 non
384 717 490 782 minus
510 717 677 782 commode
697 717 860 801 cogitatur
874 715 912 780 de
931 733 1079 782 nonaum
1095 752 1101 765 ·
1117 734 1243 782 suuper.
1264 714 1384 800 'Atqui
1404 717 1452 782 ita

299 846 365 888 non
388 823 484 888 modo
509 823 632 888 duobus
662 823 779 908 spatiis
807 823 935 888 brevius
965 824 1226 908 supplementum
1248 822 1356 907 prodit
1381 820 1451 906 (vel

301 929 379 994 adeo
404 930 522 1014 tribus,
555 931 583 995 si
606 931 750 1014 potuisse
779 948 881 996 svmsr
908 931 1065 1015 scriptum
1093 953 1164 996 esse
1187 929 1354 1015 probabile
1380 927 1452 1015 sit),

301 1035 355 1100 sed
380 1037 588 1120 quodetiam
617 1037 803 1122 contiguam
831 1037 976 1103 vocalem
1006 1040 1149 1122 respuat.
1193 1035 1287 1102 Vnde
1317 1057 1450 1100 rursum

300 1142 362 1208 hoo
386 1145 601 1228 consequitur,
625 1165 690 1209 uon
713 1145 827 1228 quovis
850 1149 946 1228 pacto
971 1147 1078 1212 locum
1102 1167 1172 1211 esse
1195 1168 1237 1209 aa
1260 1145 1449 1229 pronomini

301 1274 321 1315 a
343 1249 557 1316 Mommsenio
582 1251 822 1335 commendato,
850 1252 904 1317 sed
932 1253 1029 1318 certis
1054 1251 1297 1318 condicionibus
1325 1250 1450 1337 requiri

304 1379 395 1428 (uua
432 1355 468 1420 Id
489 1359 597 1421 autem
617 1357 723 1444 ipsum
743 1380 814 1423 cum
834 1381 908 1424 mox
931 1359 1126 1425 intellecturi
1146 1359 1245 1422 aimus
1264 1380 1450 1424 mensuram

298 1463 543 1527 intervallorum
573 1464 724 1528 excedere
753 1465 1008 1535 aMommsenio
1038 1467 1237 1547 notatarum,
1270 1465 1304 1529 in
1330 1485 1451 1530 novam

300 1568 452 1634 inicimur
473 1569 557 1636 hanc
577 1570 820 1658 dubitationem,
844 1577 952 1638 utrum
971 1572 1059 1637 illius
1080 1570 1143 1635 fide
1162 1570 1342 1635 notationis
1362 1573 1452 1655 post-

301 1674 415 1740 habita
438 1676 557 1762 solum,
581 1701 642 1764 quo
665 1679 727 1744 niti
751 1701 846 1763 posse
870 1679 933 1744 visi
956 1701 1081 1762 sumus,
1103 1676 1348 1742 fundamentum
1371 1677 1451 1742 mis·

302 1805 373 1846 sum
396 1783 563 1869 iaciamus,
586 1807 629 1850 an
648 1807 707 1870 pro
734 1807 820 1857 orna
842 1809 860 1850 a
884 1785 1044 1870 tepidario
1067 1783 1209 1868 positum
1229 1804 1299 1848 esse
1324 1806 1358 1856 o·
1384 1805 1450 1848 cre·

301 1889 424 1956 damus.
459 1888 535 1955 Non
558 1893 595 1954 ut
619 1891 717 1956 aliam
741 1891 917 1976 quandam,
941 1891 972 1956 in
996 1913 1092 1975 quam
1112 1890 1183 1975 quis
1202 1890 1297 1972 facile
1316 1891 1450 1974 incidat,

302 1996 472 2080 supplendi
501 1997 587 2063 viem
613 1997 722 2064 statim
750 1999 790 2064 ab
819 1999 914 2064 initio
938 1998 1194 2084 praecludamus,
1222 2019 1339 2063 srursr
1352 2035 1359 2048 ·
1374 2021 1450 2064 aru·

304 2125 427 2168 amru·
442 2121 522 2169 unu
553 2102 619 2189 (vel
646 2126 843 2170 rrurmu·
858 2103 950 2191 mnu)
979 2155 1048 2170 ...
1072 2155 1080 2170 .
1103 2154 1110 2168 .
1134 2155 1142 2172 .
1172 2123 1341 2170 santuine
1373 2127 1449 2192 pro-

256 2235 291 2274 x1
302 2209 505 2276 habilitatem
538 2211 589 2275 vel
622 2215 795 2296 propterea
825 2234 891 2277 non
923 2211 1037 2296 habet,
1070 2211 1155 2296 quod
1190 2211 1239 2277 vis
1268 2213 1451 2278 sententiae

302 2317 408 2402 poscit
430 2320 467 2381 ut
490 2317 634 2402 gravius,
657 2339 718 2384 nec
741 2319 930 2384 secundaria
952 2323 1080 2384 tantum
1104 2319 1342 2402 enuntiatione,
1367 2317 1450 2384 illud

303 2445 372 2490 sese
400 2445 514 2509 reapse
539 2429 721 2491 assecutum
750 2447 820 2491 esse
849 2427 933 2510 quod
961 2426 1148 2511 quaesierit,
1175 2431 1274 2510 poeta
1299 2427 1449 2492 declaret

301 2529 426 2596 Eodem
440 2534 548 2598 autem
567 2531 630 2598 boc
653 2537 845 2619 argumento
870 2533 969 2599 etiam
991 2533 1030 2598 de
1058 2555 1124 2598 aar
1149 2535 1311 2618 praesenti
1340 2538 1449 2600 actum

301 2643 360 2723 est,
379 2662 438 2724 pro
453 2661 517 2725 quo
532 2641 699 2706 nervosius
719 2641 866 2726 profecto
881 2645 1105 2725 exspectamus
1119 2641 1295 2726 perfectum
1310 2639 1449 2726 aliquod.

301 2746 443 2812 Rursum
468 2747 500 2811 id
523 2749 630 2812 valere
653 2748 687 2812 in
712 2749 890 2813 contrarias
914 2753 1023 2832 partes
1047 2749 1167 2832 potuit,
1191 2752 1248 2813 aut
1269 2751 1306 2813 ut
1328 2748 1451 2833 largita

302 2875 372 2918 esse
388 2855 551 2938 beneficia,
575 2857 632 2918 aut
650 2853 737 2919 mala
756 2857 792 2918 ut
811 2855 982 2919 sustulisse
1001 2877 1088 2922 mors
1107 2855 1276 2920 diceretur.
1304 2854 1449 2931 Quorum

301 2960 365 3026 hoo
386 2983 451 3026 non
474 2960 573 3026 mirer
596 2961 623 3024 si
646 2982 723 3045 prae
746 2961 804 3026 illo
826 2961 941 3026 iccirco
965 2961 1103 3047 placeat,
1126 2963 1210 3047 quod
1233 2962 1343 3047 paullo
1363 2983 1450 3028 com-

302 3065 428 3130 modius
452 3066 515 3131 dici
538 3055 707 3132 videantur
729 3073 854 3134 cuactrw
876 3068 1045 3136 molestiae
1071 3068 1368 3154 sollicitudinesque
1393 3091 1448 3134 eu·

302 3173 379 3238 ferri
403 3195 501 3256 quam
524 3179 632 3239 cuncto
656 3174 779 3240 solacia
802 3178 835 3238 et
858 3175 1036 3240 lenimenta
1058 3175 1168 3240 tribui.
1199 3173 1269 3240 Nec
1291 3177 1377 3240 enim
1401 3176 1449 3240 in-

303 3282 377 3363 epte
405 3279 494 3344 velut
521 3279 556 3344 in
583 3280 667 3346 banc
699 3281 838 3364 speciem
872 3282 1025 3348 conicias:
1063 3299 1204 3348 svnmr·
1219 3305 1262 3346 ΒΑ
1276 3317 1283 3332 ·
1298 3303 1448 3348 aarum·

303 3405 381 3452 sulm
410 3384 476 3473 (vel
501 3409 600 3459 orna·
616 3409 776 3453 erumm-
791 3407 868 3453 ulffl
897 3388 948 3454 vel
973 3410 1055 3461 omn
1068 3425 1074 3438 ·
1089 3410 1210 3454 uuasrr
1223 3423 1229 3436 ·
1243 3386 1337 3476 urm)
1365 3405 1449 3456 svo·

278 3483 351 3559 ¹uu
372 3529 378 3541 ·
397 3511 671 3564 moun-cvncna
691 3531 697 3544 ·
719 3518 805 3560 rau·
827 3513 1042 3562 enarrarunt
1080 3495 1175 3561 modo
1207 3517 1248 3559 ne
1282 3514 1450 3580 pruvomcu

305 3623 325 3664 a
352 3601 437 3666 bono
471 3603 504 3666 et
535 3602 666 3688 antiquo
698 3601 855 3688 scriptore
886 3603 977 3668 nullo
1010 3602 1133 3668 dictum
1168 3602 1320 3688 sciamus,
1361 3599 1448 3668 aliud

305 3711 414 3772 autem
447 3707 545 3772 simili
578 3708 760 3794 significatu
791 3730 910 3775 nomen
938 3709 973 3773 in
1000 3730 1070 3773 men
1096 3709 1306 3774 terminatum
1337 3707 1450 3794 lingua

305 3813 428 3878 nullum
451 3819 618 3898 praestare
640 3815 795 3880 videatur.
836 3813 923 3880 Nam
946 3816 1012 3879 iam
1034 3813 1228 3899 particulam
1256 3839 1277 3880 a
1297 3815 1357 3881 tali
1380 3813 1448 3900 qui-

306 3921 378 3986 dem
401 3923 564 3987 sententia
586 3946 651 3989 non
675 3924 779 3988 ausim
807 3921 946 3988 alienam
974 3943 1011 3988 ac
1038 3943 1078 3986 ne
1108 3919 1293 4006 languidam
1322 3921 1448 4006 quidem

306 4028 460 4094 iudicare:
483 4032 537 4094 der
553 4031 619 4096 Tod
639 4031 694 4094 aar
715 4031 796 4095 mula
818 4029 996 4095 ocunmehr
1018 4051 1077 4095 von
1094 4029 1176 4095 albu
1192 4029 1448 4110 frdbcm'leiden

306 4135 419 4216 befreit.
461 4135 522 4200 Sed
546 4159 604 4222 pro
625 4159 794 4222 macomus
821 4137 923 4202 donec
946 4137 1083 4222 probum
1106 4137 1300 4202 vocabulum
1323 4159 1340 4201 a
1363 4139 1449 4200 tone·

307 4249 376 4315 bris
398 4245 533 4330 erueris,
566 4270 585 4311 a
608 4245 770 4311 contraria
796 4245 928 4310 notione
951 4242 1216 4328 proficiscendum
1239 4242 1309 4306 erit.
1351 4241 1449 4308 Ouiua

308 4355 435 4444 generis
472 4355 526 4420 vix
562 4354 691 4420 brevius
728 4353 863 4418 verbum
896 4353 1003 4418 exstat
1043 4373 1140 4436 quam
1181 4349 1232 4414 vel
1265 4371 1360 4414 rum
1399 4347 1448 4412 vel
1475 4339 1479 4348 ’

308 4467 382 4551 ipsa
408 4463 617 4549 simplicitate
647 4461 755 4547 aptius
778 4483 885 4526 arum.
930 4458 1073 4524 Rursum
1100 4456 1176 4523 huic
1207 4457 1297 4522 locus
1329 4458 1387 4522 aut
1416 4455 1449 4519 in
