3216 5082
570 386 846 436 svrrnsunurvrr
870 387 917 436 111.
1249 367 1312 432 531

170 551 355 612 supremum
379 532 473 614 obiit,
495 553 617 597 novum
636 531 800 596 consulem
814 529 849 594 L.
863 529 1033 596 Valerium
1050 527 1203 594 Flaccum
1225 531 1315 610 puta·

168 636 277 702 bimus
300 638 366 704 iem
390 642 465 702 ante
483 637 648 706 ineuntem
667 659 810 702 mensem
829 636 1053 704 intercalarem
1074 634 1126 698 vel
1145 633 1315 698 suffectum
1381 652 1387 658 ·

168 765 238 808 esse
263 745 314 808 vel
338 743 507 810 suffectum
531 743 611 810 satie
633 744 814 810 innotuisse
836 743 923 810 inter
946 739 1106 809 Gelonos?

257 1133 307 1198 De
331 1134 473 1200 eiusdem
501 1135 659 1200 tabulae
683 1135 724 1198 Π
749 1131 855 1216 [XVI]
886 1134 951 1220 fig.
973 1133 1004 1198 B
1027 1133 1048 1198 i.
1067 1154 1093 1196 e.
1117 1132 1156 1197 de
1179 1131 1316 1197 Praene·

169 1242 255 1306 stino
282 1241 402 1306 titulo
427 1241 573 1308 Metilii
601 1265 673 1308 cnm
697 1264 769 1308 sum
792 1243 1043 1324 commentatus,
1070 1237 1158 1304 Latii
1180 1239 1314 1323 inscrip-

167 1349 294 1413 tionum
312 1349 526 1433 plurimarum
544 1349 662 1436 negavi
676 1347 777 1434 pVIl
789 1349 880 1430 [514]
902 1350 954 1412 sat
973 1349 1097 1412 certum
1111 1369 1205 1411 usum
1225 1345 1315 1432 prius

167 1477 249 1540 esse,
272 1478 368 1541 quam
392 1456 470 1520 illae
486 1455 632 1521 Henzeni
655 1455 774 1520 virtute
797 1455 846 1521 ita
865 1477 977 1521 omnes
996 1455 1150 1520 collectae
1171 1453 1315 1540 digestae

168 1561 358 1628 emendatae
390 1563 587 1648 prodiissent
617 1567 655 1628 ut
683 1564 719 1628 in
746 1585 914 1628 commune
946 1565 1104 1646 peterent.
1153 1559 1191 1624 Id
1219 1581 1315 1644 quam

166 1673 254 1734 recte
278 1671 428 1750 dixerim,
451 1669 520 1734 eius
543 1669 646 1753 ipsius
671 1691 734 1754 quo
753 1669 811 1733 illo
836 1670 908 1734 loco
927 1669 1043 1732 utebar
1059 1667 1149 1733 tituli
1168 1665 1315 1748 exemplo

166 1775 233 1840 iam
265 1777 420 1860 experior,
452 1777 537 1841 unde
570 1775 853 1840 Praenestinorum
884 1773 1035 1839 videlicet
1062 1770 1315 1838 APOLLINEM

168 1881 439 1948 TVTELAREM
463 1904 553 1948 meae
578 1881 791 1967 disputationi
815 1881 1028 1968 admitterem,
1052 1903 1117 1947 non
1137 1885 1224 1945 recte
1242 1878 1315 1962 plus

167 1989 242 2053 fidei
261 1988 382 2074 Vulpio
407 2012 503 2076 quam
520 1989 650 2054 Gruteri
674 1989 800 2053 auctori
814 1986 935 2052 Vrsino
958 1988 1114 2070 tribuens,
1138 2009 1155 2051 e
1178 2007 1241 2070 quo
1260 1985 1314 2050 illc

165 2095 322 2180 pependit
351 2094 487 2162 demum.
533 2095 628 2160 Hune
656 2096 742 2160 enim
765 2095 906 2180 lapidem
934 2095 1006 2180 ipse
1028 2093 1199 2160 Hennenus
1223 2115 1315 2178 pera-

166 2201 261 2296 micis
293 2203 413 2269 litteris
443 2226 494 2268 mc
524 2203 692 2268 admonuit
718 2207 786 2268 tam
816 2207 1001 2288 suspectum
1030 2223 1113 2285 esse,
1149 2205 1186 2266 ut
1213 2221 1315 2286 prope

168 2310 237 2374 sine
271 2309 399 2373 errandi
432 2311 574 2394 periculo
608 2309 648 2374 ad
680 2309 835 2374 falsorum
869 2310 979 2374 sordes
1007 2309 1177 2394 relegetur.
1223 2307 1313 2390 Ergo

166 2417 276 2480 valeat
304 2417 459 2482 Trotelaris
490 2417 546 2482 ille
579 2438 775 2501 quamquam
807 2417 953 2500 precario
986 2421 1114 2480 tentum
1144 2411 1315 2495 admissus,

167 2522 336 2605 locumque
356 2521 394 2585 de
413 2523 483 2588 iure
502 2523 570 2586 sive
589 2519 721 2586 Pvrlo
741 2521 998 2587 Mommsenieno
1018 2522 1084 2586 sive
1104 2521 1161 2586 alii
1181 2520 1315 2585 cuilibet

167 2629 268 2693 cedat.
291 2666 327 2675 -
349 2628 520 2694 Praeterea
542 2627 630 2692 haud
654 2627 720 2693 scio
739 2649 783 2692 an
800 2627 836 2692 in
853 2632 923 2694 tam
940 2631 1069 2692 vetusto
1092 2627 1198 2710 titulo,
1217 2648 1314 2712 quam

168 2740 218 2800 est
239 2735 441 2820 Manlianus,
473 2737 559 2800 iusto
588 2734 755 2800 liberalior
782 2734 899 2800 fuerim
927 2735 962 2800 in
989 2735 1077 2801 notis
1105 2731 1314 2798 admittendis

168 2844 278 2928 quales
293 2844 369 2908 illae
389 2847 465 2910 sunt
477 2843 537 2908 DE
549 2879 554 2890 ·
566 2841 681 2910 OONL
694 2879 699 2891 ·
712 2842 747 2909 S:
771 2865 830 2928 pro
846 2843 973 2928 quibus,
997 2842 1025 2908 si
1039 2842 1204 2928 integrum
1219 2841 1314 2923 essct,
1452 2903 1453 2908 ,

167 2971 252 3015 nune
270 2950 353 3014 tales
373 2955 499 3016 tantum
519 2973 613 3017 voces
634 2952 895 3017 commendarem
910 2951 1021 3036 quales
1041 2948 1180 3034 exempli
1199 2968 1314 3014 caussa

166 3057 262 3140 posui
289 3056 371 3121 DE·
388 3056 521 3123 STIPE.
569 3057 771 3144 Quamquam
799 3060 850 3124 vel
874 3061 921 3125 sic
949 3058 1070 3142 aliquid
1098 3054 1313 3122 dubitationis

166 3165 314 3229 relictum
330 3185 401 3228 esse
418 3165 525 3230 fateor
543 3188 562 3230 a
577 3165 736 3250 dirempto
756 3167 841 3231 inter
855 3166 934 3231 duos
949 3189 1061 3232 versus
1071 3161 1313 3250 VAlRIANDO

168 3271 338 3334 vocabulo:
369 3271 463 3354 quale
487 3271 656 3336 discidium
681 3273 721 3335 eb
746 3272 985 3356 antiquioribus
1013 3271 1119 3336 titulis
1143 3292 1213 3334 esse
1237 3269 1313 3332 alie·
1329 3297 1385 3337 xrv

166 3397 244 3439 num
273 3375 365 3438 solet.
411 3375 499 3452 Quae
531 3381 640 3441 tamen
672 3361 834 3442 duliitetio
863 3377 1114 3462 haudquaquam
1147 3399 1218 3440 eam
1247 3378 1313 3441 vim

167 3480 267 3544 habet
289 3485 327 3544 ut
349 3503 421 3546 cum
444 3481 647 3546 Mommseno
673 3481 753 3546 Add.
776 3504 807 3566 p.
826 3483 891 3546 554
914 3483 947 3546 in
970 3482 1091 3547 litteris
1116 3505 1135 3546 a
1156 3479 1313 3550 Caesonio

167 3577 310 3668 exeeptis
332 3585 502 3653 RIANDO
525 3589 744 3725 laterempcsse
767 3587 1031 3654 PROBAVERO
1061 3589 1154 3654 nobis
1182 3613 1313 3674 persua-

168 3728 299 3794 deamus
323 3751 475 3816 meroque
499 3753 606 3797 errore
631 3731 653 3798 S
676 3733 820 3816 positum
843 3754 902 3815 pro
927 3731 957 3797 S.

258 3833 408 3902 Ceterum
431 3838 470 3904 de
494 3839 654 3905 sermonis
677 3839 879 3906 Praenestini
908 3839 1107 3924 proprietate
1135 3861 1312 3924 quaecum

168 3945 246 4012 olim
270 3945 437 4028 composui
460 3944 626 4031 Parergon
644 3945 748 4012 Plaut.
771 3969 802 4031 p.
824 3947 887 4012 196
911 3951 980 4012 tum
1003 3968 1107 4030 nuper
1129 3945 1313 4030 significari

166 4050 271 4119 Musei
286 4051 348 4118 Rh.
367 4055 389 4115 t.
404 4049 482 4117 XVI
497 4051 599 4136 pecs
613 4053 726 4136 [supra
739 4075 769 4136 p.
779 4053 869 4136 484],
889 4052 935 4118 eis
949 4075 1070 4118 novum
1084 4053 1311 4118 documentum

167 4157 345 4226 Guilelmus
361 4154 555 4224 Schmitaius
574 4160 685 4223 noster
703 4158 828 4224 addidit
846 4181 863 4224 e
882 4158 1208 4243 glossarioVaticano
1227 4160 1312 4245 qnod

168 4268 218 4329 eet
235 4265 270 4330 in
285 4265 405 4351 Angeli
424 4264 491 4330 Mai
506 4262 606 4330 Class.
622 4269 704 4330 auct
728 4269 750 4330 t.
769 4265 816 4330 VI
839 4288 870 4350 p.
888 4265 967 4332 547:
991 4267 1130 4352 ‘taeniae
1151 4268 1244 4333 vittae
1260 4288 1311 4334 sa-

167 4372 331 4456 cerdotnm,
353 4375 440 4456 σιμαὶ
452 4373 670 4440 Praenestinos
689 4371 838 4456 stupro?
863 4410 904 4450 η-
928 4372 1012 4438 Item
1035 4395 1168 4458 novum‚
1190 4374 1253 4440 hac
1274 4379 1313 4441 nt

168 4481 410 4560 opportunitate
433 4485 522 4566 utar,
549 4481 629 4547 illud
657 4485 708 4547 est
734 4480 819 4566 quod
846 4479 987 4546 indidem
1010 4505 1041 4566 p.
1064 4482 1129 4548 546
1151 4482 1237 4548 idem
1261 4505 1312 4548 ex-

1043 4591 1099 4642 34*
