3282 5076
563 375 818 422 counaucamo
842 373 958 421 caron.
1263 356 1322 419 191

174 515 475 581 restaurandam
512 515 622 602 ibique
654 517 874 582 collocandam
910 516 1036 580 curarit
1071 515 1127 578 ubi
1163 515 1325 597 praesenti

174 627 327 708 temporo
353 621 560 707 conspicitur,
587 621 627 687 ad
655 624 820 690 exordium
849 623 917 688 sive
945 622 1058 706 pedem
1087 621 1243 706 graduum
1270 643 1325 705 pa-

174 731 253 795 latii
276 729 490 796 Dominorum
514 729 785 797 Conservatorum
813 731 846 795 in
870 727 1033 814 Capitolio
1057 727 1214 814 Romano,
1244 733 1325 793 tam-

177 861 281 923 quam
307 861 376 903 rem
403 839 579 922 pretiosam
607 839 656 903 uti
683 860 795 904 revera
825 836 896 902 est?
943 837 1157 912 Quaeverba
1185 836 1326 902 sirecte
1419 829 1421 834 ’

176 946 386 1030 interprdor,
409 947 483 1030 ipsa
506 946 634 1031 quidem
657 947 770 1011 tabula
792 947 858 1010 iam
880 945 1111 1010 reconcinnata
1137 943 1196 1007 illa
1219 948 1326 1008 aetate
1377 977 1380 983 ·

177 1057 266 1136 erat,
289 1053 344 1118 sed
368 1053 478 1118 eadem
503 1053 646 1118 nondum
665 1051 835 1116 coniuncta
854 1074 926 1116 cum
945 1071 1055 1115 recens
1074 1048 1163 1115 facta
1180 1050 1326 1115 columna

178 1161 253 1244 illa,
285 1183 422 1244 quacum
450 1160 630 1244 composita
658 1163 709 1225 est
734 1159 840 1224 hodie.
872 1159 1086 1242 ¹Quamquam
1114 1157 1325 1241 inpromptu

178 1271 234 1332 est
260 1287 316 1331 cur
343 1289 415 1332 cum
444 1267 639 1332 confidentia
665 1266 800 1331 iudicari
828 1269 973 1350 nequeat.
1003 1302 1041 1312 —
1072 1261 1326 1330 (10101οω1101-

179 1374 276 1438 ziana
299 1374 522 1458 supplementa
549 1376 746 1440 transierunt
773 1375 807 1438 in
837 1373 1051 1438 Alexandri
1078 1371 1221 1437 Donati
1249 1369 1326 1436 ‘Ro-

181 1501 255 1545 mae
278 1481 395 1547 veteris
419 1505 457 1547 ac
479 1481 630 1546 recentis’
654 1482 812 1547 editiones
831 1481 998 1566 plurimas,
1021 1481 1119 1545 etiam
1138 1502 1209 1556 eam
1229 1503 1326 1565 quam
1342 1505 1364 1542 ιι

179 1587 216 1650 111
230 1585 385 1652 Thesauri
405 1590 505 1673 antiq.
523 1593 548 1653 t.
566 1588 615 1653 Ill
635 1589 764 1673 paravit
777 1587 944 1672 Graevius,
968 1611 997 1673 p.
1013 1588 1091 1654 587:
1114 1587 1326 1652 falsissimum

180 1699 232 1758 est
254 1695 340 1759 enim
363 1695 448 1780 quod
472 1696 519 1760 ibi
542 1695 764 1780 praemittitur
792 1694 975 1779 ‘Inscriptio
1002 1697 1036 1760 in
1063 1695 1135 1759 basi
1159 1694 1326 1759 columnae

179 1805 342 1866 rostratae
366 1825 385 1866 a
407 1801 521 1867 Petro
546 1799 730 1867 Ciaconio
755 1801 923 1886 suppleta'

268 1907 391 1974 Eodem
429 1930 513 1974 anno
547 1925 756 1976 clorocxxxv
794 1909 879 1993 quod
914 1907 1047 1972 eandem
1083 1908 1326 1993 inscriptionem

178 2014 341 2080 ε1111011111
364 2015 523 2081 celebrem
544 2015 664 2082 Italum
687 2015 882 2082 exhibuisse'
901 2015 1061 2080 Funccius
1084 2016 1148 2080 1.0.
1168 2037 1192 2082 s.
1214 2037 1246 2100 p.
1263 2016 1324 2080 117

178 2122 292 2206 tradit,
315 2122 424 2186 nescio
448 2122 595 2206 equidem
619 2145 682 2209 quo
707 2127 740 2187 01
763 2124 852 2208 quali
877 2123 910 2188 id
933 2122 1017 2188 libro
1041 2122 1162 2187 iactum
1186 2123 1243 2188 sit:
1268 2146 1327 2188 nec

179 2229 300 2313 magia,
330 2251 425 2313 quem
450 2251 466 2292 0
490 2230 586 2294 claris
618 2252 655 2295 eo
679 2231 810 2302 nomine
833 2231 926 2295 Italis
955 2231 1052 2314 dicat,
1085 2231 1230 2324 copicere
1253 2251 1326 2316 pos-

179 2357 260 2400 sum.
307 2332 369 2399 Sed
393 2335 477 2400 alius
500 2340 604 2401 restat
628 2337 681 2422 qui
709 2338 768 2402 illo
793 2337 921 2402 saeculo
948 2337 1030 2401 bone
1060 2337 1099 2400 de
1127 2337 1189 2402 hoc
1216 2359 1327 2402 monu-

178 2445 291 2507 mento
309 2443 473 2526 meruerit,
496 2443 622 2510 111110
646 2443 939 2510 Βο110111111101
963 2444 1052 2508 cuius
1072 2465 1169 2509 manu
1188 2445 1326 2528 scriptae

179 2547 487 2614 ‘animadversiones
512 2549 552 2615 ed
570 2549 709 2614 Nardini
732 2550 771 2614 de
789 2549 896 2614 Roma
918 2553 1026 2614 vetere
1050 2549 1327 2634 commentarium,

179 2655 220 2720 ad
244 2677 338 2740 quem
363 2656 473 2740 eregit
500 2656 609 2720 omnia
628 2654 727 2720 Vrbis
752 2656 823 2722 loca
847 2677 919 2720 cum
943 2655 1034 2720 illam
1056 2656 1269 2739 perlustraret
1291 2657 1323 2720 in

177 2762 295 2828 itinere
323 2763 439 2828 Italico
473 2767 506 2828 et
537 2785 692 2848 perquam
726 2763 906 2849 diligenter
931 2763 1040 2828 omnia
1065 2761 1258 2846 rimaretur’,
1291 2763 1325 2826 iu

177 2869 380 2952 praelatione
403 2869 484 2933 tomi
508 2867 554 2932 IV
579 2869 739 2934 Thesauri
763 2871 861 2955 antiq.
886 2869 1075 2935 Graevius
1099 2869 1215 2952 posuit.
1259 2867 1325 2933 Vbi
1459 2954 1462 2960 1
1504 2919 1508 2926 .

178 2977 301 3060 pagina
332 3001 352 3042 a
383 2977 446 3041 line
476 2981 593 3060 quarta
623 2978 704 3042 haec
736 2978 990 3062 praemittuntur
1018 2975 1184 3041 Boharelli
1212 2977 1325 3041 verba:

178 3081 267 3147 ‘vidi
296 3084 365 3167 ipse
394 3105 521 3168 quoque
549 3107 647 3148 unam
670 3083 708 3148 de
736 3084 788 3148 his
818 3083 975 3149 columnis
1004 3083 1191 3147 insertam
1219 3105 1324 3147 muro
1366 3097 1371 3104 '

177 3187 299 3252 Palatii
314 3187 585 3256 Conservatorum
605 3191 638 3254 in
655 3187 819 3274 Capitolio
838 3190 995 3255 adimam
1015 3189 1136 3254 scalam
1155 3211 1175 3253 a
1193 3189 1326 3254 sinistra

177 3295 213 3358 in
237 3294 385 3380 introitu,
409 3318 481 3361 cum
504 3297 715 3380 inscriptione
737 3298 858 3361 ineius
878 3295 964 3378 basi,
988 3295 1044 3358 s'ed
1063 3295 1155 3360 valde
1175 3297 1324 3361 mutilam
1347 3297 1351 3306 '

178 3404 213 3464 et
235 3401 466 3486 imperfectam.
512 3401 575 3468 1101
597 3403 656 3468 1110
679 3404 829 3468 columna
851 3403 1021 3484 Duiliana,
1051 3425 1114 3486 qua
1138 3402 1176 3465 de
1199 3424 1325 3466 mecum

177 3507 248 3592 egit
271 3509 486 3594 Tanaquillua
513 3509 618 3575 Faber
646 3510 679 3574 in
708 3510 847 3594 epistola
870 3509 913 3574 32
946 3509 1025 3573 libri
1045 3507 1078 3570 ll
1106 3509 1326 3594 epistolarum,

178 3616 236 3679 ubi
269 3621 302 3682 et
330 3617 411 3682 mibi
442 3619 645 3682 commendat
677 3617 775 3683 aliam
809 3618 1065 3702 inscriptionem,
1099 3639 1180 3702 quae
1212 3617 1322 3681 eodem

177 3720 246 3785 fore
269 3727 414 3807 tempore
437 3724 500 3789 fuit
523 3725 677 3791 dedicata.
712 3723 898 3790 Gassendus
917 3725 1062 3810 loquitur
1080 3725 1120 3790 de
1138 3728 1272 3808 utraque
1291 3723 1325 3786 in

177 3828 248 3892 vita
270 3829 425 3894 Peiresoii
439 3831 487 3896 ad
512 3853 631 3896 anuum
660 3849 716 3900 010
741 3831 890 3920 ccxvi?-
913 3831 1060 3916 Adposui
1083 3831 1163 3896 hacc
1186 3834 1237 3914 ut,
1261 3851 1324 3913 quo

177 3935 245 4000 fere
268 3939 414 4020 tempore
436 3937 560 4002 Romae
579 3935 769 4014 Boherellus
793 3937 1045 4022 peregrinassct,
1068 3936 1325 4020 intellegeretur:

177 4065 255 4108 nam
268 4043 367 4109 Fabri
391 4046 449 4110 illa
472 4044 613 4128 epistula
636 4044 722 4109 inter
745 4067 798 4110 eas
823 4045 992 4111 conlocata
1011 4048 1061 4109 001
1079 4041 1168 4128 (edit.
1187 4039 1324 4105 Salmur.

178 4173 206 4214 a.
236 4167 460 4217 crorocnxxrv
492 4155 515 4216 t.
543 4151 575 4214 11
607 4173 638 4234 p.
662 4152 705 4216 82
725 4151 808 4239 sqq.)
841 4175 923 4238 quae
956 4155 1031 4216 sunt
1064 4173 1090 4214 a.
1120 4165 1323 4214 crorocnxru

179 4258 328 4340 scriptae.
374 4257 463 4342 Ergo
487 4262 557 4321 tum
581 4257 696 4321 saltem
728 4258 792 4322 iam
816 4259 987 4324 coniuncta
1015 4257 1077 4322 fuit
1105 4279 1176 4321 cum
1204 4258 1324 4320 recenti

179 4363 328 4428 columna
351 4369 443 4430 vetus
466 4363 579 4429 tabula
601 4365 748 4429 litterata
770 4387 808 4430 eo
832 4388 894 4450 quo
919 4366 1015 4430 hodie
1039 4367 1145 4430 exstat
1168 4365 1324 4448 exemplo,

178 4469 207 4532 si
240 4455 335 4534 modo
364 4468 474 4534 Goaaii
504 4473 609 4535 aetate
642 4471 674 4534 id
706 4471 848 4535 nondum
881 4493 951 4536 esse
980 4471 1102 4536 factum
1136 4469 1323 4536 credideris:
