3166 5084
274 373 296 436 4
590 397 814 448 sercruaolvu
839 402 1107 452 uerounuruovu.

274 554 387 597 versus
412 538 500 600 tenet
524 543 557 602 et
579 563 619 604 uo
643 563 697 606 eos
718 545 846 628 quidem
870 546 1024 631 integros.
1057 547 1379 632 Gruterianam310‚
1402 551 1417 612 1

275 642 308 702 et
331 641 458 722 plenius
486 647 519 708 et
547 645 735 732 diligentius
759 651 850 716 Rom.
876 653 944 716 cod.
973 653 1041 717 ead.
1065 674 1137 738 pag.
1161 657 1301 718 testatur
1323 656 1424 720 bosina

274 767 344 810 esse
367 769 436 813 acne
458 759 654 834 suprastonto
674 761 780 821 statua
796 760 928 842 viminis
951 760 1083 825 Vestalis
1105 765 1255 842 repertam
1274 761 1425 826 intortis

272 853 380 919 chcr.
404 855 505 923 Caesii
533 861 567 924 in
589 861 750 943 Exquiliis
777 885 806 928 o.
833 867 931 948 1591,
955 868 987 930 et
1010 867 1178 949 praeclara
1201 867 1423 934 emendatione

274 957 376 1026 EIVS
400 985 429 1028 v.
455 965 494 1028 13
518 965 552 1030 in
571 965 713 1032 ETIAM
732 991 886 1034 converso
905 993 922 1034 e
940 971 1031 1035 nulla
1050 971 1207 1055 optimam
1228 974 1335 1038 effecit
1354 997 1422 1038 ver·

274 1066 389 1144 borum
409 1075 682 1140 constructionem
699 1075 798 1140 hanc:
819 1076 937 1142 Ooclioc
956 1076 1141 1143 Concordiae
1167 1077 1289 1160 Virpirii
1308 1079 1424 1144 Vestali

273 1174 438 1242 Mooimoe
468 1179 573 1244 Fabio
602 1181 743 1246 Paulina
773 1182 805 1248 O.
827 1183 867 1248 F.
896 1189 1033 1248 statuam
1061 1185 1238 1264 faciendam
1264 1187 1423 1251 conlocan-

246 1305 259 1344 ε,
273 1281 404 1365 duroque
422 1289 624 1352 acroaticum
637 1294 764 1372 propter
778 1292 930 1374 eprepium
943 1293 1008 1356 eicis
1018 1292 1202 1372 pudicitiam
1216 1292 1425 1375 instpncmque

273 1392 356 1455 circo
378 1393 493 1458 crcltum
511 1396 652 1460 clinnum
669 1398 870 1476 sanctitatem,
893 1403 958 1462 tum
976 1400 1058 1479 quod
1073 1398 1145 1463 lmcc
1161 1401 1253 1480 pur
1270 1400 1335 1463 eius
1353 1400 1419 1464 uiro

273 1496 369 1563 Vettio
400 1500 518 1583 Aponio
550 1503 746 1570 Raetcutoto
784 1505 818 1570 V.
850 1504 897 1584 0.,
930 1506 1035 1570 omma
1071 1506 1240 1588 sinpnlmi,
1274 1507 1424 1588 dionomia

273 1605 385 1669 etiam
416 1607 456 1671 ob
484 1607 661 1676 lorinsmodi
687 1613 858 1694 cirpinibns
888 1617 918 1676 cl
948 1613 1153 1678 sacerdotibus
1179 1613 1250 1694 coli,
1282 1617 1417 1678 statuam

273 1713 492 1801 automata)
529 1715 641 1782 Etiam
664 1718 877 1802 lapicidarum
897 1717 1038 1784 fabricas
1057 1718 1197 1784 Romani
1216 1719 1334 1784 codicis
1357 1720 1422 1784 col-

273 1819 375 1883 lector
398 1825 651 1905 perreptaverat.
696 1824 740 1889 In
762 1826 850 1890 doum
874 1828 1034 1892 ettiusdom
1058 1828 1208 1909 lapicidae
1230 1827 1316 1908 opud
1337 1827 1423 1890 cccic-

272 1926 354 1989 siom
376 1925 409 1990 S.
431 1928 558 1994 Mariae
585 1929 782 1995 Looraonoe
811 1954 830 1995 a
858 1953 892 1996 sa
919 1937 1081 2017 repertam
1110 1953 1192 1997 nrrnc
1214 1934 1266 1996 uio
1291 1933 1424 1999 Ostiensi

272 2034 307 2096 in
329 2035 405 2098 cillo
428 2034 612 2102 Solomonia
636 2039 759 2102 servari
782 2041 923 2103 testatur
945 2039 967 2104 f.
991 2040 1082 2104 ama
1101 2037 1328 2105 Gruteriauam
1347 2041 1422 2124 625,

272 2139 303 2220 4,
322 2161 339 2202 e
358 2138 471 2206 Sancto
489 2140 635 2207 Caesario
653 2145 697 2208 od
715 2145 848 2210 Tiberim
867 2149 1051 2230 promptam
1072 2145 1247 2210 secuudum
1262 2145 1420 2212 Smotium

274 2268 324 2330 ap.
353 2252 442 2312 Grut.
491 2247 589 2314 Cuius
613 2273 641 2314 v.
671 2251 691 2336 2
719 2251 845 2316 ΡΟΜΡ.
874 2252 1033 2336 integrius
1066 2253 1201 2336 praebet
1228 2275 1286 2336 pro
1315 2252 1423 2336 Pom,

272 2375 301 2416 v.
326 2352 347 2416 b
376 2352 623 2429 QVAESTORI
655 2379 714 2440 pro
743 2355 982 2432 QVAESTOR.
1028 2357 1110 2426 Item
1142 2360 1177 2421 in
1203 2361 1257 2424 cio
1285 2361 1422 2441 quodum

271 2461 358 2541 opiid
378 2461 549 2526 Macellum
572 2461 740 2528 Carnorum
758 2469 787 2528 ct
808 2465 984 2530 columnam
1009 2465 1182 2530 Troianam
1205 2471 1276 2530 onte
1298 2467 1422 2530 cicinum

271 2568 432 2632 cuiusdam
456 2569 606 2650 lapicidae
625 2567 853 2636 Gruteriauam
872 2573 947 2655 407,
966 2573 996 2657 8,
1020 2595 1117 2657 quam
1136 2571 1276 2637 Smetius
1298 2573 1422 2638 viderat

272 2676 308 2740 in
334 2677 424 2740 cioca
450 2675 616 2742 Francisci
642 2677 788 2742 almum
816 2677 904 2744 Galli
932 2680 976 2743 od
1005 2680 1090 2744 moui
1111 2681 1147 2744 F
1147 2681 1312 2745 toriciuiom
1334 2686 1423 2746 cotto

266 2788 393 2864 portam
412 2783 667 2848 Flumentanam.
701 2783 928 2849 Gruterianam
955 2786 1027 2869 109,
1051 2787 1071 2850 6
1091 2787 1189 2852 codex
1208 2809 1272 2852 uon
1291 2791 1421 2852 tautum

271 2890 307 2953 in
334 2889 457 2954 ecclesio
484 2887 517 2954 S.
540 2889 667 2954 Mariae
693 2890 728 2952 in
755 2889 882 2955 Portica
909 2892 944 2956 in
971 2892 1038 2956 secte
1065 2891 1188 2956 Proaso.
1216 2893 1331 2978 fuisse,
1360 2895 1417 2958 sed

272 3016 355 3059 num
379 3017 448 3061 esse
472 2997 557 3078 amad
578 2995 620 3060 D.
643 2995 691 3060 Io.
710 2995 871 3062 Andreom
894 2999 930 3062 de
951 2997 1065 3062 Rubeis
1088 3003 1255 3084 memorat,
1279 3004 1420 3066 ceterum

271 3124 337 3167 uou
362 3102 561 3187 discrepans,
590 3103 655 3166 uisi
684 3103 769 3186 quod
797 3103 913 3170 ultimo
941 3127 1036 3170 versu
1063 3105 1162 3190 pleu'a
1189 3127 1266 3171 voce
1290 3107 1422 3171 exhibet

273 3207 563 3274 SVA·P·D·D
598 3201 692 3275 hse.
730 3207 782 3294 (ut
814 3233 865 3294 ap.
898 3210 1071 3277 Gruterum
1106 3213 1164 3296 75,
1204 3213 1231 3278 1.
1271 3213 1352 3296 194,
1389 3215 1419 3280 9.

272 3315 458 3385 Reinesium
473 3316 498 3400 I,
516 3316 582 3381 255
599 3313 696 3402 alibi)
713 3337 772 3382 sno
784 3318 919 3399 peccunia
937 3317 1052 3384 donum
1071 3315 1136 3405 (vel
1155 3318 1247 3404 eloim)
1266 3322 1422 3404 dederunt,

272 3423 336 3488 nisi
371 3424 473 3488 mavis
509 3425 672 3508 delictum,
708 3425 913 3508 donaverunt,
950 3425 1001 3488 vel
1034 3425 1255 3491 dedicaverunt.
1309 3427 1421 3510 Expli-

272 3553 344 3595 care
373 3531 459 3594 euim
487 3531 568 3594 talia
599 3531 804 3614 quantumvis
832 3535 912 3597 nota
945 3531 1048 3596 satius
1077 3533 1240 3616 duximus,
1272 3533 1327 3617 qui
1355 3555 1422 3598 uou

273 3638 408 3703 eruditis
432 3633 541 3722 potius
565 3660 662 3722 quam
685 3638 778 3702 vobis
807 3638 995 3704 scribamus.
1022 3677 1059 3686 -
1085 3638 1137 3704 Ad
1167 3639 1297 3704 eosdem
1319 3639 1421 3703 licitos

278 3745 410 3810 coenobii
436 3743 468 3808 S.
496 3743 584 3808 Petri
610 3745 653 3808 od
684 3745 814 3810 Vincula
841 3746 874 3810 in
903 3746 971 3812 cod.
999 3745 1106 3828 Rom,
1133 3746 1244 3810 eodem
1272 3745 1293 3809 f.
1321 3746 1422 3830 acra,

274 3858 370 3937 alque
394 3875 443 3936 ap.
468 3851 559 3916 Grut.
583 3851 661 3934 984,
689 3852 709 3915 9
738 3851 909 3936 utrobique
939 3852 1056 3918 mutila
1079 3852 1249 3936 inscriptio
1272 3851 1420 3934 refertur,

273 3961 362 4026 auius
396 3983 425 4025 v.
453 3959 473 4022 3
504 3963 538 4023 et
566 3957 903 4024 bPHILVMENAE
927 3982 944 4023 e
969 3960 1084 4026 codice.
1101 3959 1335 4025 restituendum
1358 3981 1418 4042 pro

273 4064 549 4152 PHILOMINAE
586 4065 732 4162 inaudita
768 4067 891 4149 forma,
926 4067 977 4131 oui
1016 4089 1083 4134 nou
1116 4066 1192 4131 licet
1223 4065 1420 4150 praesidium

274 4177 383 4257 petere
412 4194 450 4236 ex
478 4171 558 4237 item
586 4177 736 4257 corrupto
760 4171 1018 4237 PHILOMENO
1046 4195 1095 4256 ap.
1123 4171 1241 4236 Murat
1269 4172 1343 4255 970,
1370 4173 1419 4236 11.

275 4279 379 4356 Quid?
407 4279 491 4364 quod
521 4281 682 4346 dubitatio
711 4283 813 4344 restat
842 4280 940 4344 etiam
975 4279 1013 4344 de
1042 4277 1291 4344 PHILVMINA
1314 4279 1420 4344 forma

274 4425 485 4432 ——-.—--

345 4509 370 4582 ¹³)
390 4509 474 4582 [Vide
494 4525 566 4564 nunc
585 4509 613 4563 C.
633 4509 652 4561 Ι.
673 4507 703 4562 L.
723 4509 770 4571 vl.
791 4517 803 4562 1
825 4528 849 4565 u.
871 4515 947 4564 2145.
986 4511 1014 4564 G.
1035 4507 1091 4580 W]
