3216 5082
275 341 341 404 540
507 351 652 400 Persona
676 346 903 396 narrurrarrs
926 341 1186 392 aarenarmcna

275 499 337 564 sibi
365 498 488 582 imponi
517 521 537 562 a
560 495 768 561 Lachmanno
797 514 912 576 passus
941 491 1038 572 esset,
1071 509 1091 551 a
1118 508 1182 570 quo
1205 485 1417 550 ‘rarissimum

165 587 171 600 ¹
273 608 336 672 hoc
356 609 389 671 et
407 604 626 688 antiquiorum
644 604 814 686 poetarum
831 599 1000 684 proprium
1020 601 1289 679 ευνεκφωνήεεω(
1308 619 1419 684 genus,

274 714 308 779 in
332 735 395 798 quo
419 713 432 776 i
454 711 577 776 vocalis
604 709 652 774 ita
680 708 851 774 delitescat
877 711 914 772 ut
941 708 1101 792 syllabam
1128 731 1196 774 non
1222 708 1324 774 iaciat
1349 709 1418 774 lon·

274 817 372 904 gam',
408 819 664 884 demonstratum
699 815 778 880 dicit
809 793 1114 880 commentariorum
1151 814 1418 882 Lucretianorum

275 951 305 1011 p.
322 926 384 991 129
399 948 446 1010 sq.
478 925 561 990 Eam
580 927 688 988 autem
708 922 903 1007 doctrinam,
926 923 1055 1007 qualem
1078 921 1208 1006 quidem
1231 923 1301 988 illie
1319 923 1418 988 latius

274 1038 440 1118 patentem
459 1031 642 1117 proposuit,
661 1031 712 1096 cui
732 1033 861 1114 praeter
879 1029 986 1113 ipsum
1002 1029 1246 1095 Lachmannum
1259 1029 1418 1114 placuisse

275 1142 394 1220 dicam,
427 1139 504 1205 nori
531 1137 707 1204 neminem:
740 1141 836 1222 atque
864 1136 899 1201 in
926 1136 1036 1202 Plauti
1067 1138 1275 1221 potissimum
1302 1137 1418 1203 Teren·

275 1248 376 1332 tiique
404 1251 508 1311 artem
537 1267 600 1330 quo
628 1245 701 1329 quis
729 1243 853 1308 acriore
881 1243 989 1308 studio
1016 1265 1086 1309 sese
1116 1245 1345 1329 insinuaverit,
1381 1267 1418 1310 eo

275 1355 342 1418 fere
370 1353 488 1418 certius
517 1352 579 1416 sibi
606 1351 799 1434 persuadere
828 1350 920 1416 video
947 1373 1013 1417 non
1036 1373 1107 1416 esse
1129 1351 1196 1418 illis
1219 1353 1325 1437 poetis
1353 1352 1418 1418 ullo

275 1463 371 1545 pacto
390 1463 460 1524 tam
474 1458 634 1522 deformes
653 1457 848 1541 scabrosque
866 1478 978 1522 versus
997 1457 1186 1524 tribuendos
1205 1459 1318 1544 quales
1337 1459 1419 1524 miro

276 1572 309 1633 et
331 1565 502 1652 singulari,
528 1586 595 1630 non
622 1563 803 1630 mehercule
831 1561 910 1651 (quo
933 1565 1123 1650 plerumque
1147 1565 1247 1652 valet)
1275 1589 1356 1632 sano
1387 1571 1419 1631 et

275 1675 419 1762 eleganti
444 1673 571 1738 aurium
593 1672 711 1738 iudicio
735 1671 962 1738 Lachmannus
985 1673 1149 1757 probavit:

191 1835 261 1876 xxss
363 1815 477 1902 Neque
500 1810 777 1900 mendaciloquius
800 1819 903 1901 neque
926 1817 1006 1883 adeo
1030 1819 1181 1902 argutum
1205 1817 1323 1904 magis:

364 1923 511 1988 Liberius
535 1923 665 1987 vivendi
688 1922 750 1988 fuit
772 1925 926 2008 potestas.
970 1946 1046 1988 nam
1070 1927 1179 1990 antea:

363 2030 407 2095 Di
429 2027 491 2094 tibi
515 2029 598 2093 male
621 2029 752 2094 faciant.
799 2029 921 2114 primus
946 2034 1033 2096 esses
1057 2033 1259 2098 memoriter:

275 2179 313 2240 ut
335 2174 370 2238 in
392 2173 504 2259 paucis
528 2195 614 2237 nunc
637 2173 821 2238 subsistam.
858 2174 977 2250 Quales
1000 2175 1124 2239 numeri
1148 2175 1310 2241 innumeri
1328 2177 1418 2242 dubi·

276 2280 339 2345 tari
362 2303 495 2365 prorsus
518 2303 584 2347 non
607 2285 716 2366 potest
742 2281 820 2366 quin
848 2285 905 2346 aut
928 2281 1119 2346 manifestae
1143 2282 1346 2367 corruptelae
1369 2283 1419 2348 rel

275 2388 520 2472 interpolationi
551 2389 728 2455 debeantur
760 2392 817 2454 aut
846 2389 942 2473 longe
975 2388 1073 2452 aliam
1110 2389 1300 2473 expediendi
1333 2390 1418 2454 viam

274 2494 433 2560 habeant:
456 2497 562 2590 velut,
582 2500 618 2561 ut
641 2519 679 2560 ex
702 2495 764 2562 hoc
787 2515 904 2580 genere
926 2517 1025 2560 unum
1049 2496 1233 2580 exemplum
1250 2499 1418 2580 tamquam

275 2603 474 2685 praeteriens
503 2603 735 2688 perstringam,
766 2601 930 2682 molsuccre
957 2605 991 2665 et
1017 2601 1173 2683 beafacere
1199 2607 1232 2668 et
1258 2604 1419 2686 benficium

275 2711 308 2772 et
330 2709 500 2790 mollicium
523 2709 604 2774 mibi
627 2712 756 2774 constat
778 2709 889 2773 eadem
914 2729 1045 2792 prorsus
1063 2709 1190 2772 ratione
1208 2712 1419 2792 pronuntiata

275 2837 345 2880 esse
370 2837 434 2900 que
457 2821 507 2880 est
528 2817 722 2882 Bcaocntum
744 2817 851 2899 prisca
874 2819 979 2881 aetate
1007 2819 1040 2879 et
1063 2815 1184 2881 dictum
1206 2819 1240 2880 et
1262 2815 1418 2900 scripturn

275 2944 349 2986 cum
363 2922 436 2988 aliis
451 2945 515 2988 non
529 2923 641 3005 paucis
655 2922 846 3008 finitimis.*)
881 2923 1020 2988 Tantum
1041 2923 1204 2988 affirmare
1223 2923 1419 2988 confidenter

275 3049 421 3112 possum,
443 3029 501 3092 illa
524 3030 576 3094 ria
599 3030 628 3094 si
650 3030 799 3094 insistere
823 3030 929 3114 liceat,
952 3030 1033 3095 nihil
1051 3033 1121 3095 tam
1140 3029 1367 3096 inconcinnum
1386 3035 1419 3094 et

276 3156 389 3218 expers
413 3135 507 3220 artie,
534 3136 633 3200 immo
656 3140 726 3200 tam
749 3135 890 3200 insolens
917 3136 1000 3201 nihil
1031 3141 1128 3222 atque
1152 3136 1232 3203 adeo
1255 3137 1418 3222 prodigio·

276 3265 347 3308 sum
371 3265 450 3326 esse,
479 3243 565 3328 quod
592 3265 657 3309 non
680 3242 856 3328 spondeam
885 3243 1008 3335 aliquot
1035 3244 1255 3328 exemplorum
1284 3245 1419 3310 raritate

275 3373 327 3416 me
349 3351 560 3436 probaturum
585 3355 621 3416 ut
642 3351 768 3416 licitum
797 3350 873 3415 olim
901 3354 935 3414 et
962 3350 1153 3415 admissum:
1185 3351 1213 3416 si
1237 3353 1333 3417 modo
1357 3352 1419 3418 hoc

275 3460 326 3522 est
347 3457 498 3542 probare,
530 3459 603 3542 plus
627 3480 723 3543 quam
750 3456 888 3522 rationis
919 3456 1083 3522 severitati
1106 3461 1139 3522 et
1162 3459 1270 3524 sensui
1292 3459 1417 3524 cuidam

276 3565 495 3649 simplicitatis
532 3565 675 3629 tribuere
711 3563 920 3628 librariorum
957 3561 1143 3629 auctoritati
1179 3569 1212 3628 et
1243 3567 1419 3632 memoriae

276 3671 433 3756 codicum,
465 3671 515 3736 cui
546 3669 698 3754 quamdiu
727 3671 911 3754 mancipata
940 3669 1018 3754 fuit,
1050 3671 1182 3736 omnino
1213 3693 1325 3756 sapere
1352 3695 1419 3738 non

275 3778 382 3862 coepit
400 3777 571 3861 disciplina
589 3780 774 3842 metrorum.
796 3813 834 3824 -
855 3776 976 3842 Verum
996 3780 1066 3844 esto
1084 3782 1122 3842 ut
1139 3779 1314 3862 paeonieae
1333 3801 1419 3844 men·

276 3908 369 3951 surae
387 3883 590 3966 vocabulum,
612 3883 709 3968 quale
734 3887 785 3948 est
807 3884 932 3948 liberius
949 3881 1188 3967 Terentianum,
1212 3906 1271 3968 pro
1290 3885 1417 3968 dactylo

275 3992 375 4057 luerit
397 3989 561 4056 veteribus
584 3991 704 4074 poetis:
733 3995 768 4056 at
795 4012 832 4054 eo
861 3991 978 4055 saltem
1002 3989 1307 4076 Lachmennus,··ut
1331 3992 1418 4058 ooni-

276 4099 339 4182 eio,
367 4099 437 4181 ipse
460 4119 526 4163 non
549 4097 710 4181 praevidit
732 4097 912 4163 doctrinam
939 4119 1031 4164 suam
1059 4099 1233 4164 valituram
1261 4103 1298 4164 ut
1320 4099 1417 4163 etiam

276 4205 482 4270 choriambus
505 4203 546 4290 (e.
566 4227 591 4270 c.
615 4208 768 4291 quattuor
790 4203 934 4286 syllabae
952 4205 1077 4288 primae
1095 4201 1265 4292 leberiolrrb
1282 4205 1418 4290 formae)

276 4333 371 4395 posse
398 4312 520 4398 dactyli
548 4313 634 4379 vices
663 4311 821 4377 sustinere
851 4312 1041 4378 crederetur.
1087 4312 1162 4378 Non
1189 4316 1297 4376 autem
1329 4311 1417 4376 aliud

277 4433 278 4438 ’
319 4431 584 4543 Tyffi'opuse.
604 4469 630 4524 11
648 4489 676 4541 p.
692 4475 743 4524 rre
757 4487 816 4538 sqq.
837 4475 898 4525 arr.
936 4469 964 4524 c.
980 4469 1037 4542 w.]
