3246 5082
550 327 757 378 uurmoavu
785 320 1047 392 anrromssnus.
1305 318 1370 382 279

677 543 841 611 OAPVT
869 545 916 612 Il.

313 683 464 752 Proxima
495 709 568 752 cum
601 686 733 754 Saturni
766 689 883 772 poculo
921 688 1077 753 societate
1114 689 1180 754 alia
1212 690 1370 774 quaedam

225 792 357 857 vascula
378 793 493 858 fictilia
512 793 727 878 continentur,
751 795 830 859 item
853 794 905 859 dei
927 795 1058 860 nomine
1077 794 1187 862 Latini
1211 798 1369 864 subiecto·

224 921 285 982 que
312 897 515 965 POGOLOM
542 899 702 965 vocabulo
730 900 892 984 inscripta.
944 899 1146 985 Quamquam
1176 902 1238 968 hoc
1269 903 1369 969 inter·

223 1005 316 1089 cedit,
340 1005 424 1092 quod
449 1006 533 1070 ollae
557 1011 690 1071 ansatas
713 1003 884 1090 (scyphum
899 1005 1090 1071 Garruccius
1109 1007 1204 1095 dixit)
1229 1011 1368 1094 speciem

223 1112 323 1178 habet
341 1113 492 1197 poculum
506 1110 650 1197 Saturni,
674 1113 758 1196 quod
782 1114 888 1197 ipsum
912 1113 1008 1178 facile
1032 1113 1193 1199 quispiam
1214 1117 1368 1202 antiquis-

223 1221 341 1285 simum
364 1220 509 1305 omnium
533 1220 658 1303 dixerit,
682 1223 791 1284 cetera
814 1225 891 1286 sunt
914 1224 1053 1304 paterae.
1095 1222 1175 1286 Eius
1200 1223 1327 1308 generis
1352 1246 1369 1290 e

170 1373 176 1381 -
222 1327 319 1392 terris
353 1326 456 1392 adhuc
488 1325 678 1410 prodierunt
710 1348 766 1390 sex
799 1327 957 1411 exempla,
994 1329 1175 1412 composita
1202 1352 1305 1414 nuper
1334 1332 1368 1396 in

223 1433 259 1498 O.
278 1433 373 1498 Iahni
397 1433 435 1496 de
453 1433 541 1512 cista
558 1431 705 1498 Ficoron.
724 1455 840 1498 comm.
863 1457 894 1518 p.
912 1433 965 1500 55.
996 1433 1139 1518 Raparia
1158 1441 1234 1500 sunt
1252 1440 1369 1522 autem,

222 1541 261 1604 de
285 1562 420 1626 quorum
445 1539 570 1624 origine
592 1542 727 1621 constat,
751 1538 785 1602 in
799 1539 951 1603 Etruriae
970 1540 1087 1604 finibus
1102 1540 1232 1606 Latium
1257 1565 1368 1610 versus

222 1649 347 1712 omnia:
371 1649 407 1711 ut
430 1645 571 1710 indidem
591 1644 744 1709 credibile
763 1644 807 1707 sit
825 1644 922 1708 etiam
939 1642 1070 1709 Saturni
1090 1647 1243 1729 poculum
1261 1651 1367 1714 oriun-

142 1833 148 1843 ·
221 1754 297 1818 dum
321 1775 399 1817 esse.
431 1753 501 1818 Neo
524 1752 641 1815 mirum
665 1749 801 1815 Latinos
825 1750 900 1814 deos
925 1773 944 1814 a
967 1749 1091 1815 Latinis
1114 1751 1301 1818 hominibus
1325 1757 1366 1822 ab

222 1861 268 1926 eis
291 1859 499 1944 potissimum
521 1857 723 1943 temporibus
747 1857 852 1922 cultos
872 1879 942 1921 esse
961 1858 1046 1922 inter
1060 1859 1226 1946 Etruscos,
1249 1861 1366 1946 quibus

221 1967 255 2031 hi
275 1970 351 2051 post
369 1969 420 2031 tot
438 1965 546 2030 clades
566 1965 606 2029 ab
627 1987 711 2029 anuo
730 1963 832 2028 ferme
848 1961 1049 2029 CCCOLXII
1064 1965 1102 2029 ad
1120 1961 1365 2034 CCCCLXXIV

221 2077 369 2157 acceptas
393 2075 428 2137 in
451 2057 641 2138 societatem
660 2094 680 2135 a
697 2071 855 2136 Romanis
878 2072 998 2155 recepti
1023 2076 1106 2136 sunt
1135 2071 1181 2137 Vt
1199 2095 1265 2138 non
1285 2076 1366 2140 mul-

220 2183 290 2244 tum
308 2173 380 2244 falli
400 2201 495 2265 posse
514 2178 662 2244 videatur
681 2178 736 2263 qui
755 2200 912 2243 annorum
928 2175 1171 2244 OOGOLXXIV
1187 2183 1221 2244 et
1239 2180 1367 2246 circiter

221 2285 312 2352 DXX
330 2285 477 2351 terminis
496 2286 627 2350 illorum
647 2285 879 2350 confectionem
899 2286 1105 2350 vasculorum
1124 2287 1269 2352 omnium
1292 2285 1366 2354 cori-

220 2393 338 2459 cludat.
384 2393 471 2458 Nam
493 2392 581 2458 ultra
604 2391 664 2456 bos
687 2392 767 2456 fines
795 2413 860 2456 non
889 2391 1020 2456 durasse
1048 2393 1215 2458 nominum
1243 2395 1366 2461 formas
1500 2439 1503 2445 ,

219 2501 254 2565 in
277 2498 328 2566 OS
352 2506 385 2567 et
408 2498 470 2566 OM
494 2503 660 2582 exeuntes,
688 2499 767 2563 satis
795 2520 898 2582 nuper
921 2498 1171 2563 communivisse
1196 2521 1234 2563 ea
1256 2499 1365 2584 dispu-

219 2607 345 2672 tatione
379 2607 490 2673 videor
522 2629 619 2691 quam
651 2605 689 2670 de
718 2605 834 2689 elogiis
862 2603 1049 2688 Scipionum
1083 2605 1238 2687 scriptam
1271 2606 1364 2672 initio

219 2714 394 2798 voluminis
422 2713 468 2778 IX
501 2713 605 2778 Musei
637 2712 741 2778 nostri
774 2711 964 2796 philologici
998 2713 1110 2794 [supra
1136 2734 1166 2794 p.
1190 2713 1255 2797 213
1278 2717 1363 2798 sqq.]

219 2822 321 2906 posui.
367 2819 433 2886 Vbi
457 2819 630 2906 quodiam
654 2819 814 2904 principio
843 2819 926 2884 sexti
955 2817 1074 2884 saeculi
1098 2817 1230 2883 desiisse
1255 2841 1364 2884 earum

219 2952 313 2993 usum
337 2929 515 2994 formarum
538 2927 670 3012 negavi,
694 2949 731 2992 eo
754 2925 872 2990 rectius
895 2921 956 2992 feci
978 2948 1041 3011 quo
1061 2924 1277 2992 commodiore
1297 2927 1364 2993 eius

218 3036 265 3100 rei
293 3041 485 3120 argumento
513 3033 560 3098 uti
588 3036 758 3116 potueram
787 3055 825 3097 ex
854 3033 1065 3117 inscriptione
1097 3036 1223 3098 statuae
1252 3055 1364 3098 aereae

218 3142 323 3206 Musei
346 3139 589 3226 Kircheriani*)
614 3140 725 3224 petito,
756 3161 837 3224 quae
856 3140 936 3205 haec
958 3145 1021 3205 est:
1050 3136 1363 3217 CPOMPONIQVI·

219 3246 386 3332 RIOPOS,
410 3247 455 3312 sic
469 3251 506 3312 ut
520 3251 657 3332 apparet
670 3246 893 3331 dispesoenda:
917 3245 1363 3322 o-roanONlovffllna·

219 3352 341 3419 OPOS:
364 3355 398 3418 in
423 3375 487 3438 qua
509 3354 646 3439 legenda
665 3353 864 3419 multimodis
885 3353 963 3417 olim
982 3358 1124 3418 erratum
1143 3355 1201 3418 est.
1233 3351 1281 3416 De
1300 3375 1364 3436 qua

219 3461 306 3547 quod.
325 3461 469 3527 iudicare
498 3460 695 3526 confidenter
722 3481 869 3544 possum,
897 3459 1054 3545 singulari
1082 3458 1237 3523 beneficio
1262 3457 1362 3524 Reve-
1378 3485 1402 3524 rr

218 3567 401 3633 rendissimi
420 3565 527 3632 Patris
542 3563 644 3631 Marci
664 3565 811 3630 effectum
831 3569 894 3648 est,
918 3565 1007 3630 cuius
1027 3563 1217 3629 liberalitati
1236 3587 1363 3631 summa

218 3697 291 3741 cum
314 3697 390 3740 cura
414 3675 608 3740 delineatum
637 3673 818 3756 exemplum
846 3673 956 3738 debeo.
1000 3657 1083 3736 Flam
1113 3672 1214 3758 igitur
1237 3673 1362 3758 epigra-

217 3779 303 3867 phen
333 3781 389 3867 qui
418 3785 502 3846 teste
529 3780 644 3846 Iahuio
672 3803 702 3864 p.
722 3781 762 3844 61
784 3801 830 3864 sq.
858 3779 982 3863 primus
1014 3783 1100 3845 recte
1132 3779 1362 3862 interpretatus

217 3893 268 3954 est
289 3887 449 3954 Heuricus
468 3887 633 3952 Bruunius
661 3909 765 3970 meus,
793 3886 906 3951 subtili
934 3885 1108 3970 eademque
1136 3885 1363 3969 percommodo

217 3996 446 4061 observatione
475 3995 601 4060 monuit
634 3994 672 4058 de
702 3993 838 4070 Quirina
865 3993 953 4058 tribu
981 4014 1066 4059 anno
1098 3992 1226 4057 demum
1249 3989 1361 4056 DXIH

215 4103 312 4168 facta.
359 4101 452 4168 Vnde
489 4101 564 4166 huic
600 4101 664 4185 ipsi
701 4101 840 4184 tempori
877 4100 1079 4184 aliquantum
1117 4099 1216 4164 etiam
1252 4120 1360 4182 super-

217 4212 328 4277 stitem
359 4198 460 4276 fuisse
491 4207 598 4274 OPOS
632 4229 690 4292 pro
724 4205 833 4272 OPVS
870 4208 1063 4290 scripturam
1095 4227 1168 4270 oum
1201 4204 1360 4271 similibus

306 4439 332 4510 *)
351 4439 436 4512 [Vide
453 4455 527 4494 nunc
545 4437 575 4493 Ρ.
596 4437 625 4491 L.
645 4437 681 4492 M.
701 4437 732 4491 E.
752 4437 809 4494 tub.
829 4433 894 4502 lB;
921 4433 950 4490 C.
969 4435 990 4489 l.
1010 4433 1040 4487 L.
1060 4435 1072 4489 l
1092 4452 1116 4486 n.
1132 4439 1174 4489 52.
1213 4433 1241 4492 C.
1258 4435 1314 4508 W.]
