3282 5076
247 429 250 436 .
291 342 355 408 194
436 361 585 410 rrnvavs
610 361 798 410 convuuau
823 361 1027 411 acarnanas
1052 357 1287 408 nvaunruuau.

250 533 276 573 u
289 523 355 567 non
378 506 505 568 tantum
529 507 647 588 ectypo
671 503 842 570 chartaceo
866 525 1053 589 expressum
1077 501 1260 584 exemplum
1279 498 1360 563 scite
1381 497 1434 561 ad-

289 608 421 674 modum
453 613 605 693 paratum
637 613 688 675 cst
719 615 752 675 et
784 611 824 676 ad
857 632 907 675 me
940 610 1075 676 comiter
1105 606 1348 688 transmissum,
1378 602 1434 668 sed

259 745 261 750 ·
289 715 387 778 etiam
411 714 449 779 de
473 715 624 780 omnibus
647 716 693 780 eis
718 721 751 782 et
774 717 1016 782 accuratissime
1040 720 1073 780 et
1093 713 1329 799 patientissime
1352 711 1433 775 rela-

288 825 372 906 tum,
396 843 478 906 quae
500 822 559 906 p'er
580 822 707 887 litteras
726 823 899 888 identidem
919 844 979 908 ego
999 821 1182 886 sciscitatus
1201 841 1314 884 essem.
1346 817 1434 900 Ergo

289 950 362 992 cnm
385 927 424 993 de
449 930 687 1014 superstitibus
707 930 803 995 hodie
827 930 933 994 verbis
962 933 996 994 et
1022 929 1143 994 litteris
1166 926 1249 991 nihil
1272 924 1358 1011 qnod
1382 923 1434 988 de·

289 1035 410 1100 sideres
434 1036 583 1103 relietum
607 1037 661 1120 sit,
691 1041 800 1103 tamen
828 1059 893 1103 non
917 1036 1075 1102 inutiliter
1102 1036 1141 1100 de
1164 1034 1231 1100 illis
1255 1035 1435 1118 quaeretur,

289 1142 423 1227 siquae
450 1143 534 1208 forte
563 1142 642 1208 olim
669 1143 735 1230 legi
764 1143 928 1228 potuerint
954 1164 1040 1207 nunc
1056 1141 1230 1225 deperdita
1257 1140 1289 1204 in
1318 1137 1435 1222 lapide.

290 1245 390 1314 Cuius
408 1249 571 1334 margines
591 1270 663 1313 cum
682 1248 812 1333 possint
826 1248 993 1333 aliquanto
1008 1247 1203 1330 integriores
1216 1245 1317 1311 fuisse
1331 1244 1436 1329 prius-

290 1378 386 1439 quam
410 1356 443 1420 in
466 1357 612 1421 tabulam
636 1355 827 1440 quadratam
858 1354 916 1419 illo
940 1354 1086 1419 immisso
1114 1353 1256 1418 frustula
1277 1351 1436 1437 quaedam

289 1463 524 1546 detererentur,
546 1462 607 1528 hoc
632 1467 668 1528 ut
691 1462 786 1547 quale
810 1463 854 1527 sit
872 1462 1006 1545 planum
1025 1461 1096 1546 fiat,
1118 1459 1341 1544 componenda
1360 1463 1440 1524 suut

290 1571 328 1634 de
352 1569 553 1654 singulorum
576 1590 728 1634 versuum
756 1589 830 1653 oum
858 1568 961 1634 initiis
988 1573 1059 1641 tum
1086 1569 1204 1634 finibus
1234 1567 1435 1652 superiorum

290 1677 450 1744 editorum
473 1677 673 1742 testimonia:
698 1676 814 1762 quibus
833 1680 943 1741 tamen
966 1675 1122 1742 utendum
1146 1697 1218 1740 cum
1242 1674 1338 1740 certis
1362 1695 1435 1738 cau-

289 1785 444 1850 tionibus.
493 1783 640 1850 Primum
668 1783 753 1848 enim
782 1783 889 1867 specie
916 1787 1058 1866 tantum,
1089 1805 1155 1848 uon
1186 1804 1221 1846 re
1254 1782 1436 1865 discrepare

290 1893 365 1958 illos
395 1896 543 1977 apertum
571 1894 633 1975 est,
666 1913 738 1955 curn
768 1913 822 1955 eas
850 1891 992 1977 litteras,
1024 1912 1159 1975 quarum
1188 1889 1270 1956 nihil
1293 1888 1356 1953 nisi
1380 1891 1437 1952 aut

290 1997 473 2084 fragmenta
487 2002 544 2063 aut
560 2003 729 2082 tamquam
747 1997 863 2061 umbra
877 1998 1035 2081 quaedam
1053 1997 1309 2082 fragmentorum
1328 2015 1435 2078 super·

290 2110 354 2190 est,
386 2105 442 2170 alii
464 2106 608 2188 integras
632 2107 821 2188 posuerunt,
848 2125 980 2188 prorsus
1008 2104 1188 2168 omiserunt
1214 2103 1285 2168 alii:
1318 2101 1435 2186 quippe

290 2211 408 2296 quibus
432 2211 608 2296 scripturae
632 2211 780 2274 frustulis
804 2209 1019 2294 exprimendis
1043 2209 1149 2292 impar
1168 2211 1253 2274 essct
1272 2229 1325 2272 ars
1343 2211 1434 2290 typo·

290 2318 416 2404 graphi.
459 2317 583 2382 Deinde
606 2341 645 2382 ex
668 2318 740 2402 ipsa
762 2319 915 2400 typorum
940 2320 973 2380 et
996 2315 1247 2380 maiusculorum
1269 2313 1353 2400 (sive
1376 2335 1434 2378 un-

290 2425 388 2490 ciales
411 2425 462 2490 vel
485 2423 625 2490 versales
650 2422 880 2510 appellaveris)
908 2427 942 2488 et
969 2423 1157 2508 capitalium
1186 2426 1219 2486 et
1241 2421 1435 2487 minusculo·

290 2555 362 2598 rum
386 2537 419 2598 et
441 2531 641 2596 cursivorum
666 2531 878 2596 similitudine
901 2553 967 2596 non
990 2530 1099 2614 potuit
1116 2551 1182 2594 non
1203 2533 1259 2596 aut
1279 2529 1436 2614 ambigui-

290 2645 342 2705 tas
371 2645 429 2706 aut
455 2661 544 2706 error
570 2639 734 2704 nonnullis
762 2639 796 2704 in
823 2638 903 2704 locis
934 2640 1035 2704 nasci.
1084 2637 1232 2722 Denique
1264 2636 1437 2702 manifesta

291 2751 342 2813 est
365 2747 566 2832 quorundam
588 2746 852 2831 neglegentiam
877 2745 1109 2830 supplementis
1133 2767 1153 2810 a
1175 2745 1314 2829 pristina
1337 2742 1436 2826 scrip·
1470 2753 1475 2766 '

290 2858 364 2919 tura
388 2837 618 2919 discernendis:
647 2875 710 2938 quo
734 2853 768 2916 in
791 2873 907 2938 genere
935 2853 1097 2916 neminem
1127 2851 1228 2916 fuisse
1252 2851 1364 2935 Lipsio
1389 2850 1437 2914 in-

291 2960 532 3044 diligentiorem
555 2958 631 3022 illae
655 2958 893 3043 discrepantiae
921 2959 1007 3023 haud
1037 2980 1158 3043 paucae
1186 2961 1328 3043 arguunt
1356 2977 1437 3040 quae

291 3068 376 3130 inter
399 3067 463 3131 tria
485 3065 633 3149 exempla
656 3064 809 3149 Lipsiana
831 3065 1041 3131 intercedunt.
1074 3065 1217 3141 Quorum
1240 3064 1329 3148 illud,
1353 3063 1438 3146 quod

225 3175 229 3186 '
292 3177 343 3237 est
361 3173 394 3237 in
410 3171 561 3255 Antiquis
583 3159 784 3256 lectionibus,
807 3173 945 3256 primum
971 3172 1121 3236 dicimus:
1145 3171 1328 3254 secundum,
1352 3167 1436 3254 quod

293 3280 363 3346 sine
396 3278 630 3363 supplementis
663 3278 697 3342 in
730 3278 885 3344 ductario
917 3278 1164 3363 inscriptionum
1198 3276 1437 3344 Smetianarum

292 3388 415 3472 posuit,
444 3385 538 3452 nobis
562 3384 694 3451 Gruteri
721 3387 783 3452 lide
811 3387 992 3472 cognitum:
1025 3386 1174 3470 tertium,
1204 3386 1289 3471 quod
1317 3385 1435 3450 ibidem

294 3495 429 3560 accessit
452 3493 686 3578 supplementis
710 3497 848 3558 auctum.

381 3635 493 3722 lpsum
522 3639 643 3719 autem,
676 3637 771 3720 quale
802 3658 888 3702 nnnc
920 3641 984 3721 est,
1015 3637 1102 3700 tituli
1130 3635 1260 3700 initium
1289 3633 1372 3718 quod
1403 3631 1437 3694 in

293 3745 416 3810 duobus
441 3745 519 3809 solis
543 3743 709 3827 exemplis,
732 3741 921 3808 Latreriano
940 3745 973 3806 et
991 3741 1201 3826 Panviniano,
1224 3741 1350 3824 integer
1371 3761 1436 3801 ver·

294 3875 348 3918 sus
372 3851 537 3938 praecedit
559 3850 618 3916 has
643 3850 768 3914 litteras
792 3854 976 3933 praestans:

352 3995 466 4062 ·C·D
490 4045 631 4060 ......
655 3989 1136 4056 M·F·M·N·O....L·
1161 4036 1378 4055 .........

295 4138 373 4225 (nisi
396 4137 480 4223 quod
500 4137 623 4202 Duilius
646 4140 679 4200 et
702 4133 828 4200 OonsoL
852 4134 955 4200 estin
975 4129 1199 4218 Panvinianc),
1221 4131 1253 4195 id
1273 4131 1325 4196 vix
1343 4150 1438 4213 posse

15 4289 16 4300 .
295 4245 437 4310 dubitari
460 4244 588 4310 videtur
611 4243 687 4328 quin
716 4264 733 4307 e
757 4265 846 4308 mera
869 4241 1121 4326 interpolatione
1151 4237 1358 4322 repetendum
1383 4235 1438 4300 sit:

295 4373 490 4437 quamquam
518 4350 623 4416 fraudi
652 4353 685 4414 et
708 4349 973 4416 Drakenborchic
1001 4347 1064 4412 fuit
1091 4347 1124 4410 in
1153 4345 1222 4408 Liv.
1245 4341 1315 4427 XL,
1338 4343 1439 4426 52,5

257 4476 281 4518 ra
296 4462 329 4525 et
348 4457 526 4522 Garatonio
550 4458 584 4520 in
603 4455 767 4554 Ciceronis
786 4457 994 4522 Plancianam
1015 4474 1146 4518 excursu
1162 4449 1225 4516 Vll
1245 4473 1275 4534 p.
1289 4451 1354 4514 262
1370 4471 1439 4532 sqq.
