3166 5084
488 389 712 436 srlclnaalvn
732 387 1005 436 EPIGRAPHIGVM.
1299 371 1320 432 9

162 533 232 618 plis
257 534 413 598 metimur
434 533 709 618 probabilitatem,
732 533 862 598 brevius
880 531 1001 597 litteris
1020 531 1205 616 significare
1224 553 1319 615 quom

163 641 231 705 sio:
267 637 866 706 1NF·M·L·N·AR·PONT1F·
900 639 965 726 (vel
997 639 1136 704 fortasse
1168 635 1320 722 PON'P·)

162 747 227 812 ΕΤ
241 782 249 797 -
265 747 343 812 VV:
366 771 448 832 quae
463 749 579 813 videtis
598 748 758 832 reliquum
773 771 801 813 v.
816 749 835 812 8
851 751 927 832 post
940 745 1163 812 VOLVERIT
1179 746 1320 830 spatium

166 877 307 940 prorsus
331 855 490 920 excedere.
514 852 665 920 Cetemm
688 853 762 920 INF
782 876 841 938 pro
864 854 975 935 inferet
998 857 1048 918 est
1066 875 1117 936 ap.
1137 852 1227 918 Grut.
1246 853 1320 936 827,

166 965 202 1046 2,
226 963 289 1028 Aa
311 985 371 1047 pro
394 983 485 1029 arcuo
507 963 667 1047 frequens,
690 959 751 1026 VV
770 983 829 1044 pro
847 961 1018 1043 uraniae
1042 959 1213 1028 Vestalibus
1235 958 1320 1045 apud

159 1071 329 1135 Orellinm
356 1093 386 1135 n.
409 1071 508 1136 4428.
531 1068 599 1135 Nec
627 1070 656 1134 si
684 1069 765 1134 alias
794 1069 828 1132 in
857 1067 920 1132 hoc
942 1087 1057 1152 genere
1080 1066 1238 1132 formulas
1262 1068 1320 1132 cir-

166 1178 379 1261 cumspicias,
407 1178 488 1243 satis
516 1177 719 1262 probabilem
742 1197 894 1241 versuum
925 1175 1190 1261 aequabilitatem
1213 1175 1320 1239 nanci-

169 1307 274 1350 scare.
299 1283 486 1350 Cuiusmodi
501 1287 584 1369 runt,
598 1288 637 1349 ut
650 1284 804 1368 exemplis
819 1287 958 1366 utamur,
972 1281 1047 1347 INF
1060 1281 1107 1345 ·A
1122 1315 1129 1330 ·
1143 1279 1226 1346 Pu
1249 1283 1279 1348 h.
1295 1303 1319 1348 e.

168 1390 226 1476 (ut
249 1414 301 1475 ap.
319 1387 416 1458 'Orell
441 1389 543 1478 5048)
567 1391 688 1456 amasio
708 1391 817 1473 populi
835 1389 981 1472 Ronscuti,
1000 1389 1051 1453 vel
1072 1389 1201 1454 brevius
1221 1389 1319 1453 etiam

165 1497 395 1584 INFOERAT)
408 1495 633 1585 AEMARJO)
649 1519 698 1582 ap.
713 1483 805 1562 Grut.
820 1495 999 1580 928‚1,ve1
1014 1493 1319 1560 naula-Inus·

167 1605 241 1690 PV,
260 1603 395 1670 DABIT
412 1640 419 1654 ·
436 1605 466 1669 R
484 1639 491 1655 ·
510 1604 546 1683 P,
578 1603 737 1670 DABIT·
758 1601 969 1687 CIVITATI,
1002 1601 1136 1668 DABIT
1154 1635 1161 1651 ·
1182 1600 1319 1686 FISCO,

166 1711 262 1777 DET
275 1747 283 1763 ·
298 1709 418 1777 Flsco
442 1715 476 1776 et
499 1712 619 1777 similia
638 1733 688 1794 ap.
707 1709 790 1775 Mur.
809 1711 883 1794 815,
906 1713 933 1775 1.
951 1699 1054 1775 Febr.⁸
1066 1709 1125 1794 Ill,
1148 1710 1212 1775 288
1233 1709 1319 1774 alibi.

166 1819 344 1884 Praeterea
366 1841 439 1884 cum
457 1819 524 1883 veri
548 1819 645 1904 longe
671 1817 715 1883 sit
734 1817 882 1901 similius,
898 1817 1024 1882 nullum
1043 1817 1152 1900 potius
1172 1840 1191 1882 a
1210 1815 1319 1882 Zotico

168 1927 404 2012 magistratum
418 1925 470 1991 vel
489 1926 672 2012 collegium,
691 1925 743 1990 cui
762 1923 898 2008 pecunia
912 1923 1098 2009 solveretur,
1117 1925 1319 1990 nominatum

166 2033 287 2117 fuisse,
321 2055 419 2118 quarn
443 2034 607 2098 diversum
632 2053 701 2097 esse
726 2055 746 2096 a
769 2030 934 2113 Stephano
959 2031 1185 2096 substitutum:
1209 2053 1319 2116 quom-

166 2139 344 2205 admodum
367 2139 503 2205 DABIT
518 2174 525 2189 ·
540 2137 799 2204 SESTERTIOS
814 2171 821 2187 ·
836 2137 897 2202 XX
921 2137 1111 2220 simpliciter
1130 2137 1252 2202 dietum
1271 2143 1321 2203 eat

51 2243 65 2252 ’
167 2271 222 2332 ap.
252 2247 343 2313 Grut
367 2248 442 2332 825,
475 2249 505 2312 8.
532 2246 614 2312 Mur.
650 2245 748 2329 1399,
771 2247 806 2309 4:
843 2245 947 2310 omnis
981 2245 1039 2309 illa
1070 2245 1260 2328 pontificum
1289 2249 1321 2309 et

168 2355 337 2440 virginum
356 2355 479 2420 montio
497 2353 625 2418 videtur
644 2353 685 2418 ab
705 2351 808 2417 Zotici
827 2351 1038 2436 inscriptione
1058 2351 1177 2416 afuisse
1196 2351 1320 2437 solique

166 2461 283 2526 deberi
306 2459 485 2546 Stephano,
508 2461 562 2546 qui
585 2459 770 2524 distinctius
794 2457 972 2524 cavendum
997 2459 1036 2523 de
1058 2481 1126 2524 non
1150 2459 1319 2524 alienando

167 2567 302 2631 hortulo
321 2571 460 2651 putaret
483 2565 572 2632 Haeo
591 2567 693 2652 igitur
712 2566 821 2631 omnia
840 2565 867 2630 si
883 2571 969 2630 recte
984 2565 1231 2648 disputavimus,
1245 2587 1319 2630 oon-

168 2695 311 2758 sequens
335 2677 386 2739 est
411 2677 448 2737 ut
470 2674 549 2738 haec
571 2673 639 2738 fere
662 2672 760 2738 fuerit
783 2672 921 2756 pristina
944 2671 1165 2754 inscriptionis
1187 2671 1304 2737 forma:

376 2781 396 2844 6
434 2827 709 2845 ......
755 2779 911 2859 ιιοιινιι[·
931 2795 1127 2844 courrovvs

378 2887 396 2950 7
435 2937 762 2952 .......
786 2889 1127 2967 normannum-van

376 2993 396 3057 8
434 3043 441 3057 .
487 3043 495 3057 .
541 3043 548 3059 .
594 3044 600 3056 .
646 2995 1122 3074 VOLVERIT·[DA131T·L·M·N

374 3099 394 3162 9
432 3150 439 3164 .
486 3149 492 3162 .
540 3151 545 3164 .
592 3149 599 3164 .
645 3095 876 3174 ΟΡΤΙΜΑΕ[·
900 3096 1128 3164 sir-LIBER

168 3207 222 3270 lta
249 3205 384 3290 probam
412 3205 501 3269 nacti
526 3227 637 3270 sumus
665 3205 955 3270 constructionem:
983 3207 1091 3288 quodsi
1113 3209 1183 3289 quis
1205 3210 1319 3274 donare

167 3335 240 3378 errru
261 3313 308 3378 oet
335 3314 459 3378 madere
479 3349 516 3358 -
540 3313 677 3378 voluerit.
723 3311 810 3377 VEL
841 3313 901 3377 etsi
929 3335 995 3377 non
1024 3318 1073 3379 est
1100 3316 1317 3380 necessarium

171 3443 210 3486 ae
233 3421 422 3504 plerumque
445 3419 479 3484 in
503 3419 624 3485 talibus
648 3420 819 3504 omittitur,
843 3423 953 3485 tamen
976 3425 1062 3486 recte
1087 3421 1256 3486 asciscitur
1279 3445 1317 3486 ex

167 3525 342 3593 Muratorii
374 3527 529 3610 exemplo.
575 3524 638 3590 Pro
671 3524 922 3592 CONTIGVVS
953 3529 1059 3611 possis
1092 3528 1190 3593 etiam
1218 3527 1318 3596 CON-

169 3631 344 3700 TINENS.
393 3631 519 3698 Vltimo
552 3653 646 3696 versu
678 3631 761 3695 nihil
793 3631 903 3696 deesse
936 3633 1063 3697 videtur
1095 3637 1224 3718 praeter
1254 3633 1318 3718 VS,

166 3741 371 3828 paenultima
397 3744 453 3804 aut
474 3738 557 3803 nihil
580 3744 637 3804 aut
655 3737 795 3803 fortasse
813 3737 843 3802 D
861 3737 893 3803 h.
917 3761 942 3804 e.
961 3741 1075 3805 rimavit
1092 3741 1143 3806 vel
1162 3743 1319 3807 dedicarit.

166 3849 205 3915 ln
234 3845 482 3913 ISTEFANVS
510 3845 640 3910 nomine
672 3846 778 3930 prima
811 3845 920 3910 littera
947 3869 1006 3911 nec
1033 3847 1190 3932 lapicidae
1219 3849 1317 3912 errori

164 3956 306 4022 debetur
328 3975 387 4018 neo
410 3954 521 4035 puncti
542 3953 644 4017 instar
670 3951 809 4018 babendo
836 3955 894 4038 est,
918 3975 999 4038 quae
1023 3955 1134 4020 Orellii
1158 3957 1319 4021 sententia

163 4069 217 4130 est
240 4063 282 4126 de
307 4060 373 4126 alia
396 4061 535 4144 quadam
558 4061 770 4144 inscriptione
789 4061 852 4126 vol.
871 4061 902 4126 Il
927 4084 957 4145 p.
976 4063 1050 4140 288,
1074 4062 1130 4128 sed
1150 4063 1191 4127 ad
1209 4065 1319 4128 laban-

160 4174 207 4239 tis
232 4167 413 4234 latinitatis
433 4189 486 4232 eas
505 4169 626 4233 formas
647 4167 799 4252 pertinet,
822 4169 938 4252 quibus
957 4169 1045 4234 haud
1063 4169 1196 4236 obscure
1216 4176 1319 4237 trans-

156 4283 228 4348 itus
266 4273 401 4360 quidam
441 4273 479 4338 ad
510 4273 698 4340 hodiernam
727 4273 886 4341 Italorum
920 4277 1185 4342 consuetudinem
1220 4279 1318 4364 signi-

154 4389 292 4454 ficatur.
334 4379 504 4447 Eiusmodi
529 4385 578 4446 est
600 4383 723 4447 isarrro
746 4382 787 4446 ab
810 4381 937 4448 Isidoro
960 4381 1049 4466 Orig.
1073 4382 1112 4467 X,
1139 4384 1201 4448 152
1224 4391 1318 4451 noto-

152 4501 248 4578 rum,
290 4510 488 4574 quamquam
525 4489 660 4554 ridicule
701 4489 904 4574 explicatum.
950 4491 1061 4575 Ipsum
1097 4488 1317 4557 ISTEFANV
