3254 5090
486 399 771 448 oasnsvnmonns
795 398 1066 446 numennumen.
1283 379 1346 444 441

204 567 235 628 p.
255 545 376 629 572,ss
405 545 606 610 ΣΕΡΟΥΙΟΣ
637 545 844 610 ΦΟΛΟΥΙΟΣ
874 544 1049 610 ΚΟΙΝΤΟΥ
1076 542 1171 607 ΥΙΟΣ
1200 539 1348 620 {Iouiq-

204 673 261 728 γος
289 701 428 717 .......
459 671 522 731 προ
551 651 691 731 ημεΡΩΝ
720 653 860 717 ΠΕΝΤΕ
890 651 1054 716 ΕΙΔΥΙΩΝ
1084 648 1347 715 ΦΕΒΡΟΑΡΙΩΝ.

203 759 346 823 Eandem
369 757 529 823 rationem
553 761 715 822 testantur
738 755 824 839 apud
848 755 1020 840 scriptores
1044 759 1174 821 servata
1195 756 1349 840 exempla.

202 865 259 929 Bis
283 864 484 948 adscriptum
507 866 558 927 est
574 860 708 946 pitellio)
730 861 790 926 kal.
816 859 963 948 Oeneo).
987 864 1022 926 in
1044 865 1116 927 aede
1134 863 1292 945 Apollinis
1314 862 1349 925 in

202 970 303 1036 Caelii
327 970 368 1036 ad
382 953 570 1036 Ciceronem
591 968 730 1052 epistula
747 969 768 1032 l.
780 967 861 1031 VIII
884 967 924 1032 ad
943 967 1018 1032 fam.
1034 969 1054 1032 8
1078 971 1098 1048 β
1117 968 1138 1033 5
1157 973 1190 1032 et
1209 970 1242 1033 6:
1266 967 1348 1032 nihil

202 1079 287 1142 enim
311 1079 347 1142 in
364 1078 426 1141 hoc
446 1097 561 1161 genere
580 1073 776 1139 discriminis
795 1075 881 1138 inter
899 1073 1004 1138 senati
1023 1073 1172 1139 consulta
1191 1077 1224 1137 et
1242 1077 1350 1139 aucto-

202 1186 317 1250 ritates
355 1181 533 1248 intercedit.
594 1179 756 1256 Quattuor
791 1181 842 1244 vel
880 1179 990 1264 potius
1027 1180 1167 1264 quinque
1203 1181 1350 1264 exempla

202 1290 333 1376 Iosephi
366 1289 588 1374 Antiquitates
620 1287 770 1352 Iudaicae
800 1287 1022 1372 suppeditant,
1055 1308 1136 1371 quae
1166 1290 1349 1372 temporum

203 1399 314 1464 ordine
338 1419 376 1462 eo
400 1397 579 1480 perscripta
602 1395 724 1460 subieci
749 1417 844 1479 quem
868 1394 933 1460 alio
956 1395 1027 1459 loco
1051 1394 1160 1459 dedita
1179 1416 1279 1480 opera
1296 1396 1349 1459 fir-

202 1507 308 1571 mabo.
354 1504 449 1568 Anno
472 1502 574 1589 igitur
596 1501 661 1566 615
685 1524 714 1565 u.
734 1523 759 1566 c.
783 1501 817 1566 L.
832 1500 984 1567 Valerius
1008 1501 1043 1566 L.
1061 1500 1083 1565 f.
1107 1505 1238 1584 praetor
1261 1523 1348 1568 ςυνε-

203 1613 396 1694 βουλεύςατο
425 1615 462 1694 τῇ
485 1605 655 1691 ’ςυγκλήτιμ
684 1607 782 1673 εἰδοῖς
806 1609 1014 1688 Δεκεμβρίαις
1043 1609 1079 1672 ἐν
1107 1613 1154 1692 τῷ
1177 1614 1233 1688 τῆς
1255 1609 1348 1688 Ὁμο-

202 1719 291 1783 νοίας
314 1723 384 1802 ναῶ
479 1718 563 1780 teste
587 1714 727 1798 Iosepho
750 1714 838 1798 XIV,
858 1716 887 1799 8,
907 1715 941 1800 53
964 1753 1006 1761 -
1037 1738 1066 1780 a.
1089 1716 1217 1780 circiter
1239 1717 1348 1780 621-

203 1827 267 1890 623
290 1823 433 1889 Fannius
457 1822 500 1886 M.
523 1823 544 1886 f.
567 1825 699 1906 praetor
724 1823 843 1901 βουλήν
872 1823 1028 1902 ςυνήγαγε
1057 1823 1121 1901 πρὸ
1145 1821 1229 1886 ὀκτὼ
1253 1822 1349 1887 εἰδῶν

202 1932 431 2012 Φεβρουαρίων
454 1931 490 1994 ἐν
512 1927 641 2011 κομιτίῳ
666 1979 671 1992 .
693 1979 725 1992 ..
750 1927 843 2012 XIII,
861 1928 891 2012 9,
910 1929 944 2012 23
969 1966 1010 1974 -
1039 1949 1123 1994 anuo
1149 1927 1213 1994 705
1236 1950 1348 1994 cousu-

202 2039 287 2103 lente
315 2035 350 2102 L.
373 2035 511 2100 Lentulo
544 2057 607 2099 cos.
640 2036 704 2116 πρὸ
732 2036 857 2100 δώδεκα
889 2035 939 2099 vel
973 2040 1146 2116 δεκατριῶν
1178 2039 1349 2101 καλανδῶν

203 2143 416 2224 Ὀκτωβρίων,
440 2145 599 2208 incertum
623 2165 686 2228 quo
709 2143 795 2227 loco,
818 2141 899 2206 illud
924 2141 954 2207 S.
972 2140 1006 2206 d.
1029 2144 1153 2208 factum
1178 2144 1268 2208 cuius
1291 2165 1349 2228 per

202 2251 332 2336 Iosephi
355 2249 442 2333 XIV,
464 2251 505 2314 10
528 2253 548 2332 β
570 2249 698 2314 1349
719 2249 865 2332 dispersa
883 2250 1022 2334 vestigia
1041 2255 1182 2334 exstaut3
1206 2287 1242 2298 —
1265 2271 1348 2315 auno

204 2357 268 2421 710
292 2357 424 2436 δόγματι
449 2359 631 2436 ςυγκλήτου,
660 2357 679 2420 ὃ
703 2356 833 2432 ἐγένετο
858 2357 921 2435 πρὸ
945 2359 1041 2421 πέντε
1066 2357 1161 2422 εἰδῶν
1184 2359 1348 2436 Φεβρουα-

203 2463 281 2544 ρίων
304 2465 340 2530 ἐν
363 2469 409 2548 τῷ
433 2468 502 2548 ναῷ
530 2467 584 2542 τῆς
607 2462 790 2540 Ὁμονοίας,
820 2461 910 2528 Γάιος
940 2465 1055 2542 Καῑςαρ
1083 2463 1164 2543 ὑπὲρ
1188 2462 1349 2528 Ἰουδαίων

202 2570 305 2649 ἔκρινε
330 2591 355 2635 e.
375 2565 463 2652 q.'s.:
487 2570 533 2633 sic
557 2569 643 2632 enim
667 2567 747 2632 haec
770 2569 1010 2652 transponendo
1034 2569 1250 2635 consocianda
1274 2575 1349 2634 suut

202 2675 290 2758 XIV,
311 2677 431 2760 10,10;
456 2712 497 2721 -
521 2675 696 2758 eodemque
717 2697 801 2739 anno
820 2674 855 2739 P.
870 2673 1044 2740 Dolabella
1062 2675 1105 2740 M.
1121 2675 1265 2740 Antonio
1285 2699 1349 2745 cos.

202 2781 324 2847 lactum
348 2780 378 2846 S.
398 2781 433 2847 O.
455 2789 493 2867 τῇ
518 2783 581 2862 πρὸ
605 2785 702 2861 τριῶν
727 2781 822 2846 εἰδῶν
846 2780 1036 2860 Ἀπριλλίων
1063 2783 1100 2847 ἐν
1123 2787 1169 2866 τῷ
1197 2789 1266 2868 ναῶ
1294 2789 1349 2864 τῆς

201 2887 370 2968 Ὁμονοίας
394 2888 514 2954 ibidem
532 2891 674 2953 testante
692 2887 841 2972 Iosepho.
877 2887 963 2954 Nolo
981 2911 1066 2954 nunc
1086 2890 1262 2972 exspatiari
1280 2891 1348 2956 lou-

201 2996 284 3081 gius,
306 3017 365 3060 nec
384 2997 436 3060 vel
459 2995 686 3079 imperatoriae
711 2995 829 3060 aetatis
849 2997 1050 3060 documentis
1074 2997 1122 3061 uti
1140 2997 1192 3061 vel
1212 2997 1348 3064 decretis

202 3103 464 3188 municipalibus,
491 3103 681 3188 praesertim
711 3124 783 3168 eum
811 3103 928 3167 horum
952 3103 1217 3190 conligendorum
1245 3107 1347 3172 otium

201 3211 314 3276 feeerit
337 3211 468 3275 Aemilii
492 3209 658 3275 Huebneri
686 3209 855 3296 diligentia
882 3233 920 3274 ea
949 3212 1222 3276 commentatione
1251 3236 1348 3298 quam

202 3316 252 3382 ‘de
272 3321 402 3382 senatus
422 3317 598 3401 populique
613 3316 649 3380 R.
665 3315 759 3381 actis'
784 3317 938 3399 scriptam
955 3315 1154 3382 Fleckeiseni
1166 3317 1348 3384 Annalibus

202 3421 316 3505 philol.
341 3421 451 3506 Suppl.
470 3421 519 3486 III
542 3421 660 3486 iasub
683 3445 713 3506 p.
733 3421 797 3486 559
818 3445 887 3506 sqq.
911 3423 1054 3486 inseruit.
1086 3422 1160 3488 Nisi
1180 3424 1264 3507 quod
1284 3447 1347 3490 uno

202 3533 311 3594 tamen
339 3529 438 3592 verbo
462 3549 712 3592 commemorare
740 3529 821 3592 talia
848 3533 1055 3593 monumenta
1083 3528 1213 3612 expedit
1240 3531 1349 3613 qualia

203 3639 279 3699 sunt
301 3633 516 3700 Minuciorum
541 3634 701 3700 sententia
731 3636 769 3700 de
794 3635 1041 3700 controversieis
1064 3636 1150 3702 inter
1172 3635 1347 3702 Genuateis

203 3745 235 3804 et
253 3739 419 3805 Veiturios
443 3740 674 3824 componendIs
697 3741 794 3825 facta,
815 3742 933 3826 inqua
955 3741 1075 3825 legitur
1093 3766 1121 3806 v.
1138 3743 1159 3808 4
1179 3766 1225 3828 sq.
1250 3743 1347 3808 SEN-

202 3845 401 3912 TENTIAM
421 3883 427 3894 ·
447 3846 506 3911 EX
522 3883 528 3896 ·
544 3845 703 3913 SENATI
723 3884 729 3896 ·
749 3845 976 3914 CONSVLTO
992 3883 998 3895 ·
1013 3845 1243 3914 DIXERVNT
1262 3885 1269 3898 ·
1288 3849 1347 3914 EI-

202 3953 265 4034 DIl
290 3951 520 4038 llDEOEMB·
540 3951 1346 4030 nonnemo-Q·F·Q-Mvv010-u-F-

202 4049 369 4128 uosiml
392 4061 548 4146 temporis
570 4063 680 4125 uotam
703 4061 782 4124 item
806 4060 961 4125 habentia
984 4061 1061 4146 pagi
1084 4061 1203 4126 scitum
1226 4061 1347 4128 Hercu·

201 4169 343 4253 laneum,
373 4169 488 4234 titulus
516 4166 683 4232 Furfensis
710 4164 735 4230 I.
758 4166 796 4232 R.
819 4166 860 4231 N.
884 4167 968 4232 6011
1001 4164 1049 4248 [O.
1072 4167 1097 4232 I.
1121 4167 1155 4232 L.
1179 4167 1194 4231 Ι
1218 4191 1248 4233 ιι.
1269 4171 1347 4254 603;

201 4273 236 4340 P.
259 4274 295 4341 L.
318 4274 360 4340 M.
383 4275 420 4340 Ε.
444 4276 510 4340 tab.
533 4273 711 4354 LXXXIH.
753 4269 838 4336 Satis
863 4273 949 4336 enim
974 4275 1191 4357 exemplorum
1212 4276 1346 4342 allatum

203 4384 253 4444 est
279 4385 316 4445 ut
344 4385 401 4446 aut
427 4381 507 4446 nibil
536 4382 643 4447 valere
672 4382 827 4446 similium
855 4381 1072 4446 conlationem
1099 4382 1266 4447 fatendum
1294 4385 1346 4469 sit,

149 4517 152 4524 v
203 4488 260 4548 aut
281 4485 467 4554 habitorum
495 4489 701 4554 comitiorum
728 4489 812 4554 diem
841 4490 1012 4574 locumque
1040 4489 1144 4575 legem
1169 4489 1344 4586 Antoniam
