3116 5066
272 366 335 430 144
514 441 516 447 ,
546 381 771 430 uonvuunre
796 379 1033 428 EP1GRAP1110A
1057 381 1148 428 ruri.

269 527 426 610 necyia
453 526 546 591 libros
573 545 645 590 eccos
670 525 800 603 rettctit,
832 545 1021 607 orcamqoacn
1054 520 1161 610 (id)*)
1187 527 1258 587 arde
1286 523 1426 604 fecerant

229 657 256 696 ιι
271 632 413 696 Naeuius
435 635 464 695 et
484 632 616 710 Isieion
648 636 676 696 et
698 651 768 696 acm
791 631 884 713 lonya
905 631 1026 714 syllaba
1047 630 1206 694 scribenda
1228 634 1316 708 anet,
1344 631 1426 694 dicas

269 739 389 804 crocotis
405 738 546 820 ponebat,
564 742 785 820 praeterquam
802 757 880 818 quac
902 737 937 801 in
961 738 973 802 i
996 737 1118 802 literam
1135 737 1321 801 creassent.-
1343 736 1426 802 tanc

215 908 219 914 .
270 847 352 910 cciim
370 867 428 929 per
451 867 467 909 e
490 850 519 910 ct
541 844 552 908 i
576 844 730 910 scribebat.
775 842 821 906 Et
844 843 980 927 pluralis
1007 843 1137 928 quidem
1159 843 1368 926 ponebant..
1390 895 1425 909 ..

269 951 440 1018 scribebant
463 950 615 1036 similiter
638 954 736 1034 atilae
759 951 870 1034 paullo
893 955 970 1035 post
988 951 1022 1016 in
1042 951 1121 1016 haec
1139 951 1285 1034 irrepsit:
1309 949 1426 1016 Oneins
1550 967 1551 1004 2

270 1059 436 1142 Pauper-us
458 1059 597 1142 Mapnns
620 1063 649 1122 ct
669 1058 839 1124 scribebant
862 1063 890 1122 ct
911 1059 1049 1124 dicebant
1075 1059 1339 1124 tradamitatem
1361 1079 1439 1140 pro·

269 1153 696 1250 kalamitaten,'irrepsit
720 1169 829 1230 autem
853 1187 892 1230 cx
912 1166 958 1230 eis
978 1187 1060 1250 quae
1078 1185 1291 1250 praecessere.
1319 1165 1425 1230 lixor-
1486 1243 1492 1254 .

272 1298 325 1340 cus
349 1275 435 1340 enim
459 1274 500 1338 ab
529 1273 668 1354 antiquis
690 1269 894 1357 Victorinus,
923 1273 978 1356 qui
1001 1277 1199 1338 consonantes
1226 1273 1333 1338 literas
1360 1291 1426 1336 non

267 1365 467 1464 pectinabant
489 1385 522 1446 et
543 1379 694 1444 sieiticncn
717 1379 913 1462 imponebant
941 1383 974 1444 et
1001 1400 1135 1446 occasus
1161 1379 1333 1446 sabbam
1364 1402 1426 1445 nec

271 1509 322 1554 cni
341 1488 501 1571 ponebant
520 1486 656 1570 ideoque
675 1509 740 1552 nou
755 1487 970 1554 Alcncenonc
991 1488 1130 1552 dicebant
1148 1485 1200 1573 (de
1220 1509 1285 1572 quo
1304 1508 1425 1573 genere

270 1618 373 1681 nuper
396 1594 530 1680 exposui
553 1593 635 1658 Mus.
650 1593 730 1677 phil.
745 1575 827 1660 VIII
850 1617 879 1678 p.
894 1595 960 1660 475
976 1593 1107 1680 [Opusc
1130 1593 1163 1658 II
1186 1615 1217 1678 p.
1231 1594 1311 1674 473]
1328 1592 1427 1678 sqq.),

271 1726 357 1770 nune
383 1707 471 1770 totus
500 1702 534 1766 iu
563 1723 601 1766 eo
630 1707 681 1766 est
708 1706 757 1786 ut,
797 1702 873 1786 quid
902 1702 1023 1788 singuli
1051 1701 1200 1768 homines
1228 1701 1427 1766 auctoritate
1550 1687 1551 1752 ss

270 1811 432 1895 pollentes
464 1809 667 1876 instituerint
704 1832 741 1875 ac
773 1809 998 1894 probaverint,
1034 1797 1177 1875 breriter
1209 1809 1427 1894 perstringat:
1550 1815 1551 1826 ¹

271 1917 374 1983 Iulius
398 1913 519 1982 Caesar
541 1917 718 2002 Vopiscus,
740 1917 873 2001 Accius,
900 1915 1061 1999 Naevius,
1089 1915 1215 1999 Livius,
1238 1915 1427 1998 Pompeius,
1550 1913 1551 1922 ’

271 2023 423 2109 Nigidius
446 2023 597 2108 Figulus,
620 2023 764 2088 Licinius
780 2021 912 2106 Calvus,
936 2023 1037 2088 Divus
1052 2023 1235 2108 Augustus,
1258 2020 1427 2108 Messalla,
1550 2003 1551 2048 ³

271 2129 407 2215 Brutus,
430 2129 587 2216 Agrippa.
623 2129 652 2194 E
676 2129 898 2214 superioribus
921 2130 1024 2216 igitur
1047 2129 1147 2194 etiam
1168 2128 1343 2212 incponebat
1366 2151 1428 2214 per

273 2259 416 2304 errorem
438 2237 576 2302 inlatum
599 2240 650 2300 cst
672 2257 731 2320 pro
750 2237 892 2319 ponebat.

361 2345 462 2410 Porro
485 2344 615 2428 appulus
638 2343 781 2410 voluisse
803 2343 939 2410 Accium
963 2367 1023 2428 pro
1046 2344 1179 2427 argolas
1203 2342 1316 2426 scribi,
1340 2342 1427 2408 citra
1550 2333 1551 2400 ἶ

272 2451 508 2518 dubitationem
522 2451 615 2536 ponit
629 2451 947 2536 praestantissimum
958 2450 1117 2517 Prisciani
1131 2449 1146 2515 I
1161 2473 1191 2534 p.
1204 2450 1269 2516 556
1278 2451 1427 2516 testimo·
1550 2471 1551 2540 ι

272 2559 370 2643 nium,
394 2559 450 2624 sed
470 2557 551 2623 illud
571 2559 701 2643 egregio
722 2557 850 2623 demum
871 2557 1096 2641 supplemento
1117 2555 1297 2622 eLeideusi
1313 2557 1427 2623 codiee

273 2667 314 2732 ab
337 2665 457 2732 Iacobo
473 2665 637 2732 Gronovio
657 2671 787 2732 auctum
810 2666 844 2730 in
864 2661 1148 2730 dissertationibus
1163 2662 1308 2730 Liuianis
1323 2687 1355 2748 p.
1372 2665 1428 2748 20,
1550 2687 1551 2748 j

273 2773 559 2838 eMouacensibus
584 2772 791 2838 abeonardo
810 2771 983 2857 Spengelio
1006 2769 1144 2836 inVerr.
1163 2793 1194 2854 p.
1206 2772 1235 2855 l,
1258 2770 1310 2834 cui
1334 2770 1427 2837 leves

273 2880 418 2944 maculas
438 2879 593 2964 quasdam
616 2902 688 2944 cum
709 2880 787 2944 olim
807 2880 842 2944 iu
861 2901 975 2944 comm.
999 2878 1038 2942 de
1062 2877 1308 2961 disciplinarum
1329 2877 1426 2944 libris

273 2985 429 3050 Varronis
443 3008 474 3069 p.
487 2987 530 3050 24
549 2983 716 3071 Museique
730 2985 862 3071 phil.VI
876 3009 907 3070 p.
920 2985 986 3050 530
1002 2983 1132 3069 [Opusc.
1146 2982 1196 3048 HI
1210 3007 1240 3068 p.
1251 2985 1325 3050 373.
1341 2985 1425 3067 469]

274 3091 494 3177 abstersimus,
526 3096 595 3158 tum
626 3115 711 3158 nunc
739 3093 910 3160 demimus:
943 3093 1057 3158 transit
1079 3090 1132 3177 (dc
1155 3112 1178 3154 n
1201 3091 1359 3176 loquitur)
1388 3095 1425 3158 in

273 3219 295 3284 g
315 3203 351 3263 at
367 3199 513 3282 ipnosco
523 3249 615 3264 ......
613 3222 619 3235 ·
637 3205 667 3265 et
683 3205 821 3284 sequente
839 3220 861 3285 g
879 3200 955 3265 velo
972 3220 1033 3282 pro
1052 3219 1088 3264 ca
1107 3219 1129 3284 g
1152 3198 1426 3278 sarbnntGraeci,

272 3311 301 3370 ct
322 3307 449 3388 occidom
472 3311 574 3373 tamen
596 3307 719 3392 (etiarn)
741 3308 943 3372 rcetnstissimi
964 3312 1103 3372 auctores
1124 3305 1349 3391 Romanorrcm,
1372 3329 1425 3372 ecc-

271 3413 402 3496 ptoniac
424 3435 519 3481 consa
537 3415 608 3482 bene
624 3415 845 3498 bocfacicntes,
867 3421 903 3480 nt
923 3413 1090 3498 anchises
1113 3434 1243 3498 aoccps
1265 3414 1426 3498 appulus

273 3541 414 3604 angens.
453 3524 535 3604 qnod
555 3524 685 3588 ostendit
704 3522 803 3588 Varro
825 3522 860 3586 in
877 3522 983 3604 primo
1005 3521 1041 3585 dc
1063 3522 1181 3604 oripine
1203 3522 1328 3604 liubilae
1351 3521 1425 3588 tati·
1488 3603 1491 3608 ,
1550 3603 1551 3628 ἦ

272 3648 333 3692 nce
354 3627 403 3693 bis
420 3629 536 3694 nabis:
559 3627 679 3694 ‘atlon
692 3629 810 3707 scribit,
831 3629 941 3710 qllinto
963 3627 1109 3692 uicesima
1131 3632 1185 3694 est
1206 3628 1310 3692 littora
1327 3649 1426 3710 arcam

273 3755 366 3818 apina
383 3739 505 3820 nocant,
526 3737 614 3801 coicis
634 3735 739 3816 fama
761 3737 861 3813 nulla,
883 3739 937 3801 set
958 3755 1020 3800 coa
1043 3735 1213 3800 ammonis
1234 3739 1279 3800 est
1293 3735 1427 3802 Graccis
1550 3739 1551 3802 l

273 3849 302 3909 et
331 3844 473 3922 Latinis,
508 3847 545 3908 ut
575 3843 641 3928 (in)
672 3844 722 3910 bis
756 3843 858 3908 ccerbb
893 3843 1048 3926 appetas
1084 3863 1217 3927 appares
1252 3843 1426 3926 opp-nilla

273 3951 452 4034 ipoecnnt.
497 3952 533 4016 in
563 3950 771 4017 bicicmemodi
802 3950 915 4016 Graeci
945 3955 974 4015 a
996 3950 1110 4016 Accius
1140 3955 1241 4016 noster
1272 3951 1348 4017 tina
1378 3973 1426 4038 gg

273 4059 422 4138 scribom,
445 4059 505 4124 alii
527 4081 549 4124 n
572 4063 601 4124 et
622 4080 657 4145 g,
684 4060 765 4142 qnod
790 4060 825 4122 in
851 4057 906 4124 boc
927 4058 1088 4123 unitatem
1115 4057 1208 4138 focile
1228 4059 1334 4124 rcidere
1357 4061 1425 4140 [est
1550 4149 1551 4152 Ἴ

273 4165 309 4230 in
331 4167 385 4232 itio
408 4166 502 4248 udde]
531 4188 594 4233 non
620 4171 680 4244 cst;
713 4165 856 4231 simliter
887 4185 1015 4249 abceps
1043 4162 1204 4248 apcoro':
1236 4186 1313 4230 nam
1341 4165 1425 4231 haec

275 4275 384 4338 omnia
406 4273 563 4340 Varronis
587 4277 671 4340 sunt.
716 4271 789 4338 Nisi
813 4273 899 4358 quod
926 4272 998 4338 wne
1024 4272 1105 4338 illud
1132 4271 1207 4357 quid
1239 4272 1302 4337 sibi
1332 4273 1425 4358 velit,
1550 4335 1551 4358 ,

274 4415 486 4426 -υ-ιιι--ι-

363 4502 389 4573 *)
409 4501 476 4574 [Sea
495 4503 530 4559 ci.
549 4503 622 4558 intra
640 4521 667 4574 p.
683 4509 718 4559 28
737 4503 818 4574 (1⁶0).
856 4503 876 4558 C
900 4501 958 4574 W.]
