3246 5074
627 344 911 394 svrrnnuaurvu
934 348 966 392 v.
1304 330 1368 394 567

224 491 373 552 constare
396 487 435 551 de
458 509 574 552 novem
597 487 783 552 nominibus
807 487 939 553 deorum
967 493 1120 572 putamus
1144 510 1217 554 cum
1241 487 1369 572 pondo·

223 592 307 658 mnr’
334 593 492 678 religione
521 594 605 658 circa
632 598 781 678 tempora
803 593 916 659 Punici
944 594 1022 659 belli
1049 596 1145 680 primi
1173 596 1368 662 coniunctis:

224 698 306 785 quae
335 703 412 765 sunt
440 699 675 788 Aequitatis*),
710 700 910 785 Aesculapii,
944 700 1114 785 Bellonae,
1142 699 1229 784 (leri,
1257 702 1368 787 Curae,

223 807 397 890 Lavernae,
423 805 559 890 Salutis,
584 807 729 892 Saturni,
751 806 897 872 Vulcani.
929 805 1014 871 Nam
1033 829 1073 872 ne
1092 808 1131 872 de
1146 808 1283 874 Bellona
1301 809 1367 894 qui-

225 915 297 979 dem
321 914 490 980 dubitandi
514 917 566 978 sat
589 935 721 998 gravem
745 935 892 978 caussam
915 913 1018 978 video.
1063 913 1179 978 Miram
1204 937 1274 980 esse
1297 915 1367 980 ΒΕ-

165 1016 167 1020 ’
225 1018 350 1087 total
372 1021 511 1086 formam
536 1020 621 1084 haud
644 1020 775 1084 infitior.
813 1019 916 1096 Quam
939 1042 1004 1085 non
1028 1042 1124 1104 posse
1146 1021 1274 1087 bellatus
1295 1023 1367 1088 loeo

223 1127 351 1211 haberi,
369 1127 542 1191 'verissime
560 1125 783 1191 Mommsenus
806 1126 994 1210 disputavit.
1026 1125 1094 1193 Nec
1112 1129 1218 1213 magis
1238 1129 1366 1196 audien·

223 1232 295 1317 dus,
327 1256 422 1318 quem
454 1233 530 1297 novi
566 1233 604 1298 de
636 1233 764 1298 Bellula
796 1233 953 1317 cogitare,
986 1256 1083 1318 quam
1115 1234 1179 1299 dici
1207 1233 1365 1301 Venerem

221 1340 334 1405 voluit.
366 1339 464 1405 Mitto
478 1340 610 1424 reliqua,
626 1361 708 1424 quae
727 1340 786 1404 tali
801 1340 1063 1424 interpretationi
1079 1340 1222 1424 obstant,
1241 1343 1364 1427 omnia3

223 1467 320 1510 unum
344 1447 425 1511 illud
448 1446 565 1530 respici
583 1446 688 1525 iubeo,
712 1447 753 1510 ab
773 1446 923 1511 omnibus
942 1447 1027 1531 quod
1050 1447 1148 1512 sciam
1168 1449 1366 1533 neglectum:

219 1552 321 1636 ipsius
345 1553 423 1618 deae
447 1553 635 1637 imaginem,
658 1557 695 1616 ut
719 1575 736 1616 e
758 1552 872 1618 tabula
894 1558 1008 1619 nostra
1029 1552 1064 1618 P.
1087 1553 1123 1617 L.
1146 1553 1189 1619 M.
1212 1555 1250 1620 B.
1273 1555 1366 1622 XIG

219 1659 407 1742 planissime
430 1663 581 1742 apparet,
611 1659 804 1744 anguibus
833 1660 1016 1724 crinitum
1045 1666 1160 1744 caput
1188 1663 1366 1744 ostendere,

220 1766 304 1850 quod
329 1787 426 1849 quam
450 1769 499 1830 est
522 1789 542 1830 a
563 1764 700 1830 Veneris
729 1767 929 1851 cogitatione
958 1767 1113 1851 alienum,
1144 1771 1212 1832 tam
1235 1768 1270 1832 in
1292 1768 1364 1833 Bel·

218 1875 312 1938 lonae
340 1873 482 1939 indolem
514 1873 660 1957 apprime
689 1872 849 1938 convenit.
895 1871 987 1948 Quod
1015 1894 1087 1938 cum
1117 1875 1166 1939 ita
1193 1875 1250 1958 sit,
1281 1875 1364 1940 illud

219 1980 395 2045 curandum
423 1980 498 2064 erit,
529 1983 566 2044 ut
591 2002 657 2045 non
684 1979 867 2044 necessario
896 1978 1070 2044 abhorrere
1098 1981 1140 2046 ab
1168 1981 1364 2066 antiquitate

218 2087 349 2172 linguae
371 2087 471 2152 talem
495 2087 506 2151 l
529 2091 561 2150 et
582 2091 610 2150 η’
628 2085 825 2171 liquidarum
847 2086 1120 2168 permutationem
1142 2087 1364 2174 intellegatur:

219 2215 300 2277 quae
320 2193 467 2278 quamvis
486 2193 645 2278 singulari
665 2193 812 2276 exemplo
831 2192 1044 2277 contineatur,
1067 2197 1177 2258 tamen
1191 2193 1276 2260 haud
1295 2195 1363 2261 scio

219 2322 261 2364 an
294 2301 432 2364 aliarum
465 2300 671 2364 affectionum
703 2321 770 2364 non
801 2299 909 2364 minus
944 2299 1158 2384 singularium
1190 2323 1364 2386 earumque

218 2407 297 2471 item
325 2407 365 2472 ad
393 2410 607 2472 consonantes
640 2406 872 2490 pertinentium
906 2406 1060 2489 exemplis
1089 2406 1292 2492 defendatur,
1323 2409 1363 2474 de

219 2514 336 2598 quibus
360 2515 511 2598 quoniam
535 2513 678 2578 breviter
699 2535 765 2577 non
787 2517 910 2598 potest,
934 2513 999 2578 alio
1022 2513 1094 2578 loco
1119 2514 1249 2580 dicetur.

306 2729 422 2794 Eidem
439 2727 701 2813 Zangemeistero
725 2725 943 2810 Agathoclis
966 2726 1109 2790 titulus
1132 2727 1268 2792 debetur
1286 2731 1362 2794 ante

218 2859 284 2901 non
308 2835 422 2918 editus,
445 2856 539 2920 quem
562 2833 677 2899 tabula
699 2831 910 2917 lithographa
932 2831 1063 2897 exhibet
1086 2833 1145 2896 sub
1165 2829 1199 2897 0.
1243 2832 1361 2917 Reper-

218 2947 271 3007 tus
295 2945 345 3007 est
367 2942 423 3006 ille
445 2943 479 3006 in
503 2961 583 3026 agro
606 2939 746 3022 Verane,
769 2961 842 3003 cum
865 2939 1092 3004 coemeterium
1116 2940 1205 3004 aedis
1228 2939 1261 3006 S.
1277 2941 1362 3006 Irae-

216 3051 310 3114 rentii
332 3054 420 3114 cetra
442 3069 548 3112 tauros
569 3049 657 3112 ultra
684 3046 842 3130 pristinos
870 3047 951 3111 fines
974 3051 1160 3130 promotum
1184 3050 1246 3113 est:
1276 3070 1415 3115 nuncxrr

218 3161 326 3221 autem
362 3157 395 3220 in
432 3154 557 3220 horreis
594 3154 697 3219 musei
734 3151 911 3237 Capitolini
948 3158 1104 3218 servatur.
1163 3152 1362 3220 Vetustioris

217 3262 347 3346 aetatis,
380 3283 476 3346 quam
505 3261 577 3325 sola
605 3260 784 3343 scripturae
811 3261 934 3342 species
961 3263 1113 3343 testatur,
1147 3259 1211 3324 alia
1243 3260 1362 3325 indicia

217 3370 305 3432 certa
332 3367 422 3432 nulla
450 3371 539 3432 sunt:
572 3369 648 3449 post
675 3366 817 3430 medium
845 3366 973 3430 demum
1004 3365 1166 3430 saeculum
1189 3367 1361 3451 septimum

216 3475 338 3538 factum
362 3497 432 3539 esse
450 3479 462 3537 t
478 3473 609 3537 litterae
632 3472 787 3555 aspiratio
810 3472 1001 3537 documento
1026 3477 1084 3538 est.
1122 3472 1248 3538 Mutilis
1275 3496 1360 3539 nune

216 3581 335 3646 litteris
358 3581 452 3665 plene
475 3580 664 3665 perscriptis
683 3579 745 3643 hoc
764 3579 872 3662 prodit
890 3580 1109 3664 inscriptionis
1128 3580 1360 3666 fragmentum:

517 3685 894 3770 ‘raparaoult

668 3791 974 3857 oGATHO·LI

674 3897 978 3964 OONLBGBIS

611 4003 976 4070 rARQVITI-Po

638 4105 984 4176 AGATHONISl’

304 4274 330 4342 *)
348 4273 428 4326 Hanc
447 4281 595 4325 anonam
613 4267 734 4323 nominis
752 4266 1013 4336 interpretationem
1031 4266 1124 4322 nescio
1143 4284 1200 4336 qua
1217 4267 1357 4323 oblivione

216 4359 246 4413 P.
265 4361 295 4414 L.
314 4359 352 4414 M.
371 4359 402 4414 Ε.
422 4359 517 4414 Bnarr.
536 4375 563 4428 p.
580 4364 612 4412 15
636 4357 706 4412 mihi
724 4356 824 4424 tribui,
852 4372 936 4424 quam
959 4355 1112 4425 Bernaysio
1130 4355 1358 4425 Mommsenoqne

217 4445 312 4502 deberi
328 4451 404 4506 recte
423 4449 547 4504 dixeram
566 4465 666 4504 eornm.
685 4447 720 4504 de
739 4447 794 4502 fict.
813 4445 868 4502 litt.
887 4463 913 4516 p.
930 4451 1017 4513 resq.
1037 4443 1134 4515 [supra
1150 4463 1177 4515 p.
1193 4446 1266 4517 283}
