3282 5076
569 379 825 428 conuaurumo
849 377 961 426 raros.
1275 357 1341 424 203

195 525 228 590 id
250 525 429 592 rectissime
452 526 518 590 iam
532 524 556 591 Ι.
571 525 623 591 Fr.
643 522 825 589 Gronovius
849 521 974 588 dixerat
997 519 1155 586 ‘nimium'
1178 539 1257 602 esse,
1280 517 1343 582 hoe

196 635 246 698 est
272 631 409 698 nimium
442 631 483 697 ad
514 655 621 698 rerum
654 632 838 698 veritatem:
877 629 996 715 quippe
1029 630 1114 715 quod
1146 629 1269 714 proelio
1301 628 1343 693 ad

197 738 411 824 Myonnesum
434 740 491 806 illo
515 739 648 804 minime
671 739 748 804 dum
771 739 918 804 effectum
942 741 1036 802 esset.
1069 736 1152 814 Quid
1171 741 1281 802 autem
1300 736 1344 802 sit

197 848 281 934 quod
305 848 452 914 effectum
478 851 560 930 erat,
584 847 784 932 planissimis
808 845 915 912 verbis
940 846 1009 930 ipse
1032 843 1142 910 Livius
1166 843 1344 910 declaravit

197 977 264 1040 cap.
283 956 323 1021 31
348 957 370 1020 l.
389 953 558 1020 XXXVII:
588 953 671 1032 ‘Quo
699 953 832 1020 territus
856 951 1052 1035 Antiochus,
1085 952 1162 1036 quia
1191 973 1343 1036 posses·
1368 1012 1375 1024 ,

197 1062 307 1128 sione
338 1062 455 1128 maris
487 1063 622 1146 pulsus
655 1061 834 1146 longinqua
860 1060 944 1126 tueri
972 1058 1142 1124 diffidebat
1169 1080 1202 1122 se
1226 1055 1343 1142 possa'
1370 1049 1375 1060 '

196 1168 242 1235 Et
264 1171 374 1255 paullo
398 1173 486 1256 post:
519 1169 676 1255 ‘Regillus
703 1167 862 1234 Aemilius
890 1171 965 1252 post
992 1166 1164 1232 uictoriam
1191 1165 1343 1230 naualem

196 1277 362 1362 profectus
376 1277 545 1362 Ephesum
564 1327 572 1343 .
591 1329 598 1342 .
618 1328 625 1342 .
644 1326 653 1341 .
671 1297 744 1341 eum
767 1273 1049 1342 confessionem
1073 1273 1247 1339 concessi
1268 1294 1343 1338 ma-

196 1384 252 1448 ris
274 1385 450 1450 ultimam
478 1384 566 1452 hosti
591 1384 802 1470 expressisset
825 1433 832 1449 .
852 1433 858 1448 .
879 1434 886 1448 .
905 1381 923 1448 .’
970 1381 1020 1446 Ad
1045 1379 1129 1446 hanc
1151 1380 1252 1466 igitur
1274 1401 1343 1444 sen·

196 1492 335 1568 tentiam
358 1493 419 1558 etsi
443 1492 670 1578 supplementa
692 1513 765 1558 mea
787 1496 934 1578 poteram
957 1491 1004 1562 sic
1027 1488 1282 1556 accommodare:

264 1625 319 1691 Ea
342 1632 471 1712 pugna
493 1629 668 1714 pdgnatd
691 1648 795 1692 rex-
815 1625 1014 1691 'Antiocds
1037 1629 1273 1710 regnumque

265 1735 361 1800 Eius
382 1736 422 1798 ia
444 1735 541 1798 errori
563 1735 662 1799 dorric
683 1733 846 1815 [reiciam
864 1772 885 1780 -
904 1733 1012 1818 dique
1034 1732 1235 1798 scibic'ctum
1257 1735 1318 1796 cst.

266 1841 359 1906 Eius
382 1841 437 1905 rei
461 1861 553 1926 ergo
576 1862 599 1906 c.
618 1861 644 1922 q.
663 1863 697 1919 a,

198 1979 236 2042 ut
260 1975 299 2040 ad
323 1997 435 2060 parem
458 1996 478 2038 a
500 1975 570 2058 pari
595 1995 706 2040 vocem
734 1958 835 2040 oeulis
863 1974 1031 2039 aberrasse
1061 1972 1211 2037 librarius
1240 1969 1346 2036 crede-

198 2085 289 2147 retur
316 2082 445 2147 inbente
474 2079 622 2168 Sigonio,
653 2085 762 2147 tamen
795 2081 940 2166 asperius
973 2082 1007 2146 in
1040 2080 1147 2145 verbis
1176 2077 1346 2144 Antiochus

198 2211 384 2272 requiemque
405 2190 471 2255 cias
491 2190 626 2270 fractum
650 2209 784 2274 zeugma
807 2188 912 2253 uisum
932 2191 982 2252 ast
1001 2209 1097 2272 quam
1116 2187 1167 2252 cui
1186 2208 1252 2250 non
1270 2185 1345 2249 duo·
1360 2213 1386 2252 a

200 2297 261 2360 bus
285 2297 364 2362 loeis
389 2297 594 2381 dispertitam
613 2298 761 2362 lacunam
780 2296 985 2380 praeferrem.
1003 2333 1039 2342 —
1060 2295 1232 2359 Praeterea
1251 2315 1345 2358 versu

198 2405 221 2468 4
244 2403 311 2468 ludi
336 2404 399 2469 alia
422 2404 527 2468 multa
550 2407 739 2488 potuerunt,
767 2425 834 2467 non
861 2402 957 2468 modo
980 2403 1084 2468 levius
1108 2400 1261 2466 variando
1284 2399 1346 2463 Res·

192 2509 343 2593 pudspcre
361 2510 457 2588 cc'ssu't,
481 2509 537 2573 sed
561 2509 659 2572 etiam
682 2509 763 2572 talia
786 2509 894 2592 qualia
918 2513 1005 2592 sunt,
1030 2513 1065 2572 ut
1088 2507 1242 2590 exemplis
1265 2509 1345 2589 utar,

267 2633 403 2699 Diutius
421 2654 498 2716 pica
520 2633 732 2716 opitulanti.
755 2670 777 2678 -
800 2631 973 2716 adspicio
997 2631 1158 2718 imperio

198 2759 251 2824 uel
266 2759 398 2824 Auxilio
419 2759 483 2839 fuit
499 2777 568 2842 pac
589 2759 694 2824 diriora
718 2757 769 2822 rel
788 2757 921 2823 Auxilio
942 2759 1028 2839 sucre
1049 2757 1117 2823 diiii
1140 2755 1190 2820 vel
1210 2755 1257 2820 Di
1273 2755 1346 2836 γνό-

193 2867 273 2948 pilii
290 2866 378 2948 sue‘re
401 2870 434 2929 et
457 2865 485 2929 si
508 2887 590 2950 quae
615 2869 690 2930 sunt
714 2864 841 2930 similia.
882 2864 1017 2942 Qualem
1045 2863 1238 2930 sententiam
1263 2861 1346 2928 alius

201 2972 316 3036 titulus
340 2973 546 3038 commendet
569 2973 659 3038 cuius
682 2972 768 3038 idem
792 2971 903 3036 Livius
927 2971 988 3055 VI,
1007 2971 1049 3036 29
1080 2971 1275 3035 mentionem
1300 2969 1347 3033 in·

126 3071 132 3084 ⁵
200 3078 290 3142 iecit:
314 3077 366 3144 “R
385 3079 555 3155 Quinctius
579 3080 678 3144 semel
702 3079 769 3144 acie
793 3079 911 3162 uictor,
938 3079 1023 3144 binis
1052 3077 1166 3142 eastris
1196 3075 1347 3158 hostium,

200 3207 317 3250 nouem
348 3187 475 3271 oppidis
504 3187 537 3252 ui
566 3186 682 3270 captis,
715 3186 888 3252 Praeneste
917 3187 951 3250 in
980 3185 1177 3251 deditionem
1206 3187 1347 3268 accepto,

200 3293 339 3358 Romam
366 3294 501 3358 reuertit
528 3293 794 3378 triumphansque
823 3291 952 3376 signnm
976 3291 1150 3357 Praeneste
1177 3291 1347 3356 deuectum

200 3401 289 3465 Iouis
317 3399 526 3485 Imperatoris
558 3400 591 3464 in
620 3398 815 3484 Capitolium
845 3398 931 3463 tulit.
973 3397 1154 3464 dedicatum
1187 3401 1238 3462 est
1264 3397 1348 3462 inter

201 3508 317 3572 cellam
340 3507 427 3591 louis
451 3528 488 3572 ao
511 3505 688 3589 Mineruae,
717 3507 891 3590 tabulaque
919 3506 979 3570 sub
1008 3529 1045 3570 eo
1076 3507 1142 3570 fixa
1164 3525 1348 3569 monumen-

201 3619 270 3678 tum
293 3637 400 3700 rerum
424 3619 590 3700 gestarum
618 3615 670 3679 his
698 3615 817 3680 ferme
847 3614 949 3678 incisa
972 3613 1092 3678 litteris
1114 3612 1188 3676 fuit:
1216 3611 1346 3695 Iuppi·

200 3724 261 3786 ter
289 3724 405 3805 atque
432 3720 511 3786 diui
540 3743 670 3786 omnes
701 3720 772 3786 hoc
800 3719 989 3785 dederunt
1016 3722 1057 3784 ut
1083 3719 1120 3784 Τ.
1144 3718 1348 3796 Quinctius

201 3828 372 3892 dictator
395 3825 536 3910 oppida
557 3849 692 3892 nouem
721 3824 897 3911 caperet?
939 3825 1117 3892 Manifesta
1139 3825 1173 3890 in
1196 3824 1248 3889 his
1273 3845 1347 3907 quo-

202 3957 263 4022 que
293 3933 516 4000 Saturnicmm
544 3935 697 4018 vestigia:
731 3956 866 4019 quorum
897 3933 1091 4018 principium
1124 3931 1214 4018 (nam
1242 3935 1350 3995 cetera

201 4046 360 4126 temptare
388 4040 470 4105 velle
499 4043 531 4104 et
554 4041 758 4106 temerarium
788 4043 832 4106 sit
860 4047 892 4107 et
919 4037 1105 4126 ridiculum)
1129 4039 1258 4123 potuit
1287 4038 1350 4102 sal-

201 4154 266 4215 tem
289 4149 354 4214 tale
378 4171 448 4212 esse
468 4147 562 4232 quale
586 4147 671 4211 infra
694 4149 894 4231 scripsimus,
926 4171 990 4212 non
1014 4147 1122 4231 potuit
1144 4148 1231 4212 certe
1255 4145 1349 4230 quale

200 4254 381 4321 Niebuhrio
404 4254 490 4320 Hist.
513 4255 606 4319 Rom.
630 4252 660 4318 ll
686 4277 716 4338 p.
736 4257 801 4318 662
823 4255 953 4340 placuit

268 4379 447 4464 Iuppiter
471 4381 586 4463 aitque
610 4378 689 4444 diui
713 4417 734 4424 -
758 4381 887 4444 dmnes
910 4381 980 4444 hdo
1004 4377 1202 4464 dederunt,

267 4481 329 4550 ‘Vt
351 4485 462 4551 Titus
486 4485 692 4563 Quinctius
715 4485 913 4554 die-tator
936 4489 977 4554 iu
999 4485 1121 4556 diiecto
