3282 5076
298 363 363 428 202
442 379 591 428 mnvevs
616 379 807 429 convuuun
830 378 1037 428 eosnnumn
1059 378 1295 428 nvnnnmuuu.

297 523 543 609 Regnumque
557 525 637 589 eius
655 525 694 587 tn
707 525 804 588 mari
817 521 947 588 tntae-
955 521 1118 603 frictum
1131 523 1164 588 e‘t
1176 523 1365 589 subtatum
1382 528 1442 590 est.

199 649 202 654 '
297 630 391 697 Eius
414 631 470 696 rei
494 651 585 717 ergo
610 630 738 696 ae'dem
761 629 924 696 Laribus
951 667 973 676 -
995 621 1227 712 permarinis
1250 631 1366 696 uenit.

385 755 491 821 Versu
514 755 535 820 2
563 775 657 820 eausa
679 776 738 839 pro
767 759 859 837 caput
886 753 1153 820 Drakenberehio
1187 755 1323 820 debetur
1421 743 1428 756 ⁹

297 863 337 930 V.
355 865 375 929 3
393 865 534 948 praeteri
561 861 741 928 addendum
770 867 840 928 erat
867 884 940 928 eum
965 861 1112 948 Sigonio,
1138 884 1205 928 non
1226 861 1346 946 Reque
1370 885 1442 928 eum

296 969 465 1036 Perizonio
564 969 603 1034 V.
623 971 642 1034 6
666 968 798 1035 Samum
817 969 988 1054 Chiumque
1010 969 1095 1034 idem
1115 966 1268 1054 Sigonius
1291 969 1442 1055 repperit

297 1078 421 1144 Ibidem
444 1100 493 1145 eos
515 1077 651 1162 litteras,
674 1078 758 1143 unde
782 1079 931 1144 effectum
951 1077 1098 1144 aInlvio
1112 1076 1232 1144 Vrsino
1255 1098 1304 1143 eos
1326 1099 1441 1162 parum

297 1189 410 1269 aptum
434 1189 496 1271 est,
519 1186 716 1269 interpretor
738 1207 777 1250 ex
800 1206 884 1269 eopse
905 1184 1010 1250 ferma
1031 1184 1170 1268 relictas,
1193 1184 1242 1248 eni
1261 1183 1441 1267 explicandi

297 1315 395 1357 eausa
414 1292 588 1377 ascriptum
606 1294 673 1374 ipso
692 1291 787 1358 simul
806 1292 944 1376 inrepsit
1041 1291 1080 1357 V.
1097 1293 1114 1356 7
1139 1291 1218 1358 Oeam
1236 1281 1441 1356 Hermannus

298 1397 430 1464 addidit.
478 1397 646 1464 Pertinent
678 1403 785 1465 autem
817 1399 898 1466 haee
929 1420 998 1466 calm
1022 1453 1028 1466 .
1049 1451 1056 1464 .
1075 1451 1081 1464 .
1101 1451 1107 1466 .
1131 1398 1298 1482 elephantis
1325 1399 1366 1464 ad
1395 1399 1441 1463 in·

296 1511 446 1589 spectante
467 1505 636 1571 Antiocho:
665 1529 747 1592 quae
775 1529 848 1572 enm
876 1506 916 1572 ad
946 1529 984 1572 ea
1007 1529 1088 1592 quae
1112 1508 1325 1592 insequuntur
1349 1504 1440 1591 Sigo-

297 1613 371 1678 nius
394 1612 542 1706 ¹referret,
572 1597 721 1698 expedire
748 1636 814 1680 non
842 1615 949 1698 potuit
1060 1613 1099 1679 V.
1124 1615 1143 1683 8
1167 1615 1281 1680 asttteet
1307 1614 1443 1680 anteaste

235 1753 248 1776 ο
296 1721 380 1785 uicta
402 1719 644 1806 dittographiae
668 1721 767 1787 errori
792 1721 914 1788 tribuo:
939 1743 1021 1806 quse
1038 1717 1203 1806 (similiter
1225 1724 1321 1806 atque
1344 1741 1442 1804 snpra

296 1849 345 1892 ces
368 1825 447 1914 eluse)
474 1826 549 1892 inde
571 1827 660 1891 nasei
684 1828 792 1910 potuit
815 1828 916 1913 quod,
944 1850 1016 1893 eum
1041 1827 1154 1893 vitiose
1178 1828 1334 1911 seriptum
1357 1829 1442 1890 esset

296 1935 444 2014 esttenete,
476 1935 538 1999 hoe
569 1939 677 1998 autem
710 1956 783 2000 vere
816 1937 1008 2018 eorrectum,
1043 1935 1233 1998 servabatur
1262 1936 1440 2018 utrumque.

298 2040 431 2124 Alioqui
453 2063 520 2106 non
543 2043 651 2125 inepte
675 2041 804 2126 quidem
823 2040 1027 2106 Hermannus
1046 2041 1194 2106 Antiochi
1216 2041 1341 2106 itwe'asa
1358 2041 1441 2104 nicta

257 2147 369 2229 2³ftise
393 2147 461 2212 tu‘sa
483 2145 594 2231 sequitu
617 2154 672 2231 est,
696 2147 753 2212 sed
772 2151 895 2226 tamen,
919 2147 946 2210 si
970 2147 1046 2232 quid
1070 2147 1175 2229 vide0,
1198 2167 1238 2210 ne
1262 2147 1342 2210 satis
1365 2149 1441 2230 apte

297 2253 425 2338 quidem
524 2253 563 2320 V.
585 2257 625 2319 10
657 2253 767 2319 XLII
784 2254 1008 2349 numerislpro
1031 2252 1141 2317 LXII
1160 2251 1345 2316 substitutis
1368 2275 1439 2317 enm

297 2359 430 2446 Sigonio
454 2360 555 2426 malui
578 2361 619 2426 ad
643 2361 764 2426 codicis
786 2359 883 2424 fidem
907 2381 1008 2444 prope
1031 2358 1195 2442 accedere,
1223 2381 1319 2443 quam
1343 2360 1440 2425 lieen-

296 2466 360 2532 tius
384 2468 521 2534 mutetis
545 2468 608 2533 duo
632 2468 825 2532 amissarum
844 2467 975 2532 navium
1000 2485 1120 2552 genera
1138 2464 1185 2530 sie
1203 2465 1441 2534 discriminare:

358 2591 506 2678 Captae
528 2593 644 2658 decem
668 2598 753 2675 tres,
776 2591 915 2657 mersae
936 2629 957 2636 -
980 2591 1068 2656 stne
1088 2591 1215 2656 nouem
1237 2592 1379 2675 niniati

296 2716 379 2803 (sive
394 2717 513 2800 captae
525 2725 600 2786 suet
621 2719 681 2784 tres
699 2719 806 2803 metet,
829 2717 963 2783 ester-sat
977 2717 1086 2781 tenuent
1103 2717 1218 2798 uiytnti
1236 2715 1440 2799 praetuleris)

296 2827 425 2890 auctore
454 2823 581 2908 quidem
610 2823 716 2908 Livio,
742 2825 802 2910 'qui
829 2823 1032 2889 LXXXVII
1062 2845 1088 2887 e.
1107 2823 1150 2887 30
1174 2821 1369 2907 ‘capessunt'
1392 2823 1439 2888 in·

296 2930 367 3013 quit
390 2929 514 3014 ‘fugam
538 2930 754 3014 quadraginta
777 2930 900 2994 duabus
924 2929 1061 2994 nenibus
1088 2929 1123 2992 in
1152 2951 1189 2994 ea
1212 2950 1321 3014 pugna
1344 2931 1440 2994 amis-

296 3036 350 3120 sis,
373 3059 508 3120 quarum
532 3036 640 3102 decem
664 3039 729 3100 tres
754 3040 868 3118 captae
896 3035 929 3100 in
958 3039 1153 3120 potestatem
1177 3036 1321 3102 hostium
1344 3020 1447 3101 neness

295 3145 384 3226 runt,
412 3145 537 3209 eeteree
569 3144 749 3209 incensae
782 3145 847 3208 eut
875 3141 1093 3208 demersae?
1138 3141 1308 3228 Equibus
1332 3145 1439 3208 verbis

295 3249 357 3314 nisi
382 3249 520 3335 pendere
545 3250 745 3334 maluissem,
769 3254 939 3334 potueram
963 3249 1061 3314 etiam

362 3373 507 3460 Captae
529 3380 616 3441 sunt
637 3375 702 3440 att
723 3375 906 3440 demersae
923 3413 944 3420 -
963 3375 1058 3440 duae
1083 3371 1345 3460 quadraginta

294 3501 345 3565 vel
359 3499 478 3582 Caput
496 3500 546 3567 ne't
563 3501 715 3566 detersae
738 3501 858 3565 omisso
876 3505 962 3584 seint,
984 3501 1033 3563 vel
1050 3499 1169 3582 Captae
1182 3499 1231 3564 uel
1251 3499 1404 3564 dentersae
1418 3535 1437 3543 -

294 3607 374 3672 aeae
395 3607 602 3708 quareque
628 3585 702 3672 att
732 3607 782 3671 ve]
810 3607 883 3672 stac
909 3606 1118 3690 aureuma
1144 3607 1223 3671 am
1250 3604 1300 3669 vn
1324 3604 1443 3686 eaput

294 3719 367 3782 sunt
388 3715 441 3779 aeft
463 3715 651 3779 dener-sae
668 3713 876 3797 qnadrctqe'nti
902 3715 981 3778 duee
1009 3713 1059 3776 vel
1088 3712 1116 3780 si
1143 3733 1224 3796 quos
1253 3711 1334 3777 alios
1363 3733 1437 3776 eon-

295 3821 454 3887 formandi
483 3821 594 3886 modos
625 3819 794 3904 multiplex
823 3820 920 3884 huius
952 3819 1081 3905 generis
1113 3819 1254 3883 varietas
1287 3817 1439 3883 admittit.

294 3927 379 3994 Nem
403 3928 441 3993 de
464 3929 543 3993 duee
572 3927 659 3993 vonis
683 3949 834 3992 mensura
861 3926 1087 4010 monosyllaba
1110 3924 1160 4011 (nt
1182 3949 1210 3990 v.
1230 3925 1250 3990 9
1273 3924 1333 4010 dte)
1356 3923 1437 3988 satis

295 4059 312 4100 e
331 4035 447 4101 Plauto
466 4039 595 4101 eonstat
671 4033 712 4099 V.
730 4035 766 4098 11
784 4056 830 4118 sq.
855 4038 966 4098 vastus
990 4033 1170 4098 sententiae
1194 4036 1437 4114 structuraeque

294 4143 402 4208 hiatus
427 4142 512 4228 quod
535 4141 586 4207 his
609 4141 717 4207 verbis
747 4140 867 4225 expleri
896 4163 991 4224 posse
1019 4163 1092 4208 eum
1116 4139 1236 4204 Vrsino
1263 4141 1334 4202 tum
1357 4135 1438 4202 Her-

294 4271 413 4315 manno
437 4239 523 4315 visus
546 4255 609 4314 est:

361 4374 416 4438 Ea
438 4379 565 4459 pugna
588 4375 761 4458 pugnate
785 4395 849 4438 rex
867 4410 889 4419 -
906 4369 1134 4436 'Antiochus
1159 4373 1392 4454 regnumque

361 4481 455 4550 Eius
477 4484 516 4545 in
532 4481 752 4566 potestatem
769 4481 901 4565 pepedi
920 4517 940 4525 -
959 4477 1119 4544 Remeat
1139 4476 1343 4542 reductum:
