3166 5084
456 383 625 432 ronrorur
647 383 791 434 sassrnr
813 383 959 434 ronnas.
1235 363 1279 430 25

141 524 317 592 Fatendum
345 529 532 590 esttamen
561 530 594 590 01
621 527 687 592 vim
716 531 750 593 et
776 527 872 592 fidem
900 527 996 592 huius
1022 527 1281 594 ratiocinationis

140 655 202 698 non
224 633 340 698 leviter
363 653 400 698 eo
420 632 625 718 labefactari,
648 634 748 720 quod,
772 633 1005 719 qualecumque
1023 655 1158 720 sequare
1179 633 1284 718 dispo·
1354 709 1355 712 Ἴ

139 739 231 804 00011
255 739 645 826 gertus,haudqnaquam
668 741 740 826 pari
764 741 814 806 vel
836 740 936 806 simili
956 741 1175 806 concinnitate
1194 741 1229 806 in
1247 763 1285 806 ea

139 851 226 932 parte
254 869 421 931 versuum,
454 869 536 932 quae
564 849 604 913 ab
633 849 738 914 initiis
767 871 867 934 usque
899 849 941 914 ad
968 849 1102 915 lacunas
1134 849 1313 932 pertinetur

138 953 320 1018 litterarum
342 976 494 1020 numeros
518 959 714 1040 exaequatos
737 955 896 1040 ridemus,
924 961 1022 1041 atque
1049 957 1156 1022 minus
1184 955 1284 1020 etiam

139 1064 324 1127 constanter
346 1062 381 1126 in
403 1063 502 1128 tertio
526 1067 558 1128 et
582 1063 685 1129 altero
710 1086 806 1150 quarn
825 1064 859 1128 in
882 1063 988 1148 primo
1012 1063 1166 1148 exemplo.
1198 1061 1284 1126 Nam

139 1189 207 1232 curn
236 1169 272 1232 in
299 1169 405 1253 primo
434 1191 499 1234 000
526 1170 695 1254 pauciores
723 1193 820 1255 quam
848 1187 924 1254 xvi,
955 1191 1014 1234 000
1046 1169 1155 1252 plures
1188 1190 1283 1254 quam

139 1292 197 1339 xlx
225 1275 356 1340 litteras
386 1299 605 1342 numeremus:
638 1277 672 1342 in
700 1277 805 1369 altero
834 1277 918 1342 inter
944 1293 1005 1340 xv1
1033 1279 1066 1340 et
1092 1295 1140 1341 xx
1167 1273 1209 1359 (v.
1235 1275 1284 1341 15.

142 1381 187 1446 16.
213 1378 270 1468 18)
294 1382 431 1447 fluctuat
454 1403 620 1466 numerus,
652 1383 688 1448 in
709 1383 808 1448 tertio
840 1382 880 1448 ad
903 1401 964 1449 xx1
988 1381 1067 1447 adeo
1089 1381 1132 1468 (v.
1154 1382 1203 1448 15.
1230 1381 1284 1468 16)

140 1489 353 1574 progreditur.

225 1594 318 1660 Haec
341 1597 444 1681 igitur
467 1619 538 1662 curn
562 1598 611 1662 ita
634 1620 668 1662 00
686 1598 843 1683 habeant,
866 1597 994 1682 quando
1013 1619 1072 1682 pro
1092 1599 1179 1662 certo
1202 1597 1284 1662 nihil

140 1703 291 1786 amplecti
326 1702 359 1768 in
392 1704 494 1768 tantis
527 1705 767 1770 dubitationum
799 1705 950 1770 fluctibus
982 1705 1071 1788 licet,
1105 1704 1285 1770 consultius

140 1807 321 1874 ridebimur
354 1810 445 1876 illinc
477 1811 651 1894 proficisci,
687 1811 773 1896 quod
805 1811 935 1898 singula
969 1811 1195 1896 supplementa
1226 1835 1284 1877 sua

141 1913 374 1982 Mommsenius
402 1917 498 2001 plane
525 1921 665 1984 testatus
697 1921 748 1983 est
777 1922 810 1983 et
835 1919 1010 1984 identidem
1043 1917 1221 1984 affirmavit
1252 1919 1286 1984 in

141 2023 326 2088 lacunarum
356 2025 464 2108 spatia
490 2025 642 2110 religiose
672 2025 915 2091 accommodata
937 2047 1016 2092 0000.
1062 2025 1132 2103 Quo
1157 2027 1285 2110 quidem

142 2129 187 2194 ita
208 2133 346 2214 utemur,
368 2134 405 2196 ut
428 2133 522 2197 unius
545 2133 712 2198 litterulae
735 2132 907 2198 discrimen
929 2155 995 2197 000
1021 2130 1120 2198 nimis
1148 2131 1285 2198 sollicite

143 2258 299 2321 curemus,
323 2237 513 2322 praesertim
537 2259 610 2304 0οι0
633 2238 755 2323 aliquid
779 2238 878 2303 etiarn
902 2237 1083 2304 diversitati
1101 2237 1285 2303 litterarum
1383 2287 1384 2290 ,

143 2342 279 2409 dandum
313 2366 385 2409 esse
416 2367 567 2410 versuum
594 2345 615 2411 5
643 2347 718 2410 016
747 2345 930 2430 exemplum
962 2346 1078 2410 doceat
1107 2344 1147 2410 sd
1179 2345 1283 2430 ipsam

142 2449 261 2538 lapidis·
277 2451 525 2516 similitudinem
548 2474 742 2536 expressum.
783 2453 896 2538 Itaque
920 2475 992 2518 cum
1015 2475 1044 2518 v.
1065 2451 1107 2518 10
1129 2456 1162 2517 01
1187 2455 1224 2517 11
1250 2453 1285 2517 10

143 2557 274 2624 (1000101
312 2563 349 2623 01
384 2559 512 2624 ridetur
547 2559 781 2643 supplementis
818 2558 1052 2624 Mommsenius
1089 2559 1286 2642 acquieverit

143 2662 260 2748 (ipsum
289 2665 377 2730 enim
405 2663 540 2730 Guarini
566 2665 685 2730 librum
712 2665 857 2731 dolemus
889 2664 941 2729 his
971 2663 1005 2728 in
1032 2663 1127 2728 terris
1155 2667 1285 2748 praesto

143 2793 203 2836 non
219 2769 316 2856 esse),
330 2772 449 2837 rectius
468 2777 579 2838 tamen
596 2795 712 2856 parum
731 2773 863 2856 placens
881 2769 1078 2838 constructio
1097 2769 1156 2835 illa
1167 2774 1285 2835 uuam-

141 2899 195 2958 000
210 2883 247 2944 ut
258 2884 335 2944 esset
352 2880 487 2944 taedium
499 2877 584 2944 Italo
605 2879 716 2945 critico
735 2879 945 2966 relinquenda
963 2882 1041 2944 erat
1067 2876 1180 2963 Neque
1199 2877 1285 2944 enim

143 2983 353 3049 dubitandum
377 2985 455 3070 quin
474 2987 631 3071 scriptum
649 2985 749 3052 fuerit
773 3004 1000 3051 00001001·
1019 3004 1121 3052 uersa
1136 3021 1143 3037 ·
1158 3003 1285 3052 nonvn

144 3127 183 3139 -ν
200 3089 393 3175 Impeditior
415 3091 454 3156 de
476 3115 505 3157 v.
527 3093 568 3158 12
593 3095 626 3158 et
651 3092 691 3158 13
715 3091 892 3176 disputatio
922 3079 972 3157 est
995 3093 1027 3155 et
1050 3090 1142 3157 valde
1166 3111 1284 3174 anceps

143 3195 309 3283 iudicium,
332 3219 405 3263 cunr
428 3198 513 3283 quod
535 3221 602 3265 non
624 3199 720 3264 unius
742 3199 919 3264 sententiae
937 3197 1112 3264 necessitas
1131 3197 1208 3264 1010
1227 3201 1285 3283 001,

143 3303 194 3368 001
221 3303 439 3388 complurium
468 3306 562 3390 copia
588 3305 675 3371 facta
702 3327 874 3391 earumque
904 3305 1026 3370 variam
1055 3303 1285 3372 conformatio-

142 3431 212 3475 nem
229 3411 486 3498 admittentium,
507 3417 577 3477 tum
596 3413 682 3497 quod
705 3435 763 3478 nec
782 3413 878 3498 plena
896 3413 977 3478 satis
995 3434 1055 3478 nec
1073 3412 1228 3478 distincta
1245 3412 1284 3478 de

144 3515 212 3599 ipsa
233 3517 355 3602 lapidis
378 3517 565 3586 condicione
592 3518 688 3584 nobis
711 3518 899 3585 testimonia
921 3519 1048 3584 adsunt.
1084 3517 1148 3583 Vix
1176 3522 1284 3584 autem

143 3623 293 3707 00101000
311 3629 506 3711 auguratum
525 3647 596 3690 0000
609 3623 860 3691 Mommsenium
874 3627 1036 3708 putamus,
1058 3624 1171 3708 quanti
1188 3625 1284 3690 nobis

143 3730 318 3814 quantillus
349 3733 396 3797 rei
429 3731 546 3798 certior
578 3732 723 3797 definitio
756 3732 865 3797 futura
897 3733 991 3796 00001
1037 3729 1109 3796 Ηο0
1139 3731 1285 3817 dicimus,

144 3838 221 3919 qnod
250 3860 319 3903 non
346 3839 425 3904 satis
453 3861 492 3904 cx
519 3839 588 3904 eius
616 3839 724 3904 verbis
752 3839 955 3924 perspicitur,
983 3841 1105 3923 utrum,
1137 3861 1217 3923 quas
1245 3839 1284 3904 de

143 3943 322 4010 litterarum
348 3946 495 4032 vestigiis
524 3950 600 4032 post
623 3964 692 4012 svn
720 3947 755 4011 in
782 3945 889 4030 lapide
920 3944 1040 4010 relictis
1065 3945 1283 4010 dubitationes

143 4051 356 4137 significavit,
371 4052 469 4118 etiam
488 4053 528 4117 ad
547 4053 578 4119 A
595 4053 690 4138 illud,
713 4075 755 4117 an
773 4053 813 4117 ad
833 4055 1016 4118 astantum
1036 4053 1184 4133 spectent
1201 4073 1284 4136 quse

142 4157 221 4225 hanc
244 4163 359 4225 notam
382 4163 542 4225 secuntur.
572 4159 644 4225 Hoc
667 4161 696 4224 si
715 4151 831 4238 voluit,
855 4159 961 4224 solum
980 4160 1111 4243 praesto
1130 4159 1283 4242 estquod

143 4264 202 4330 huc
215 4265 353 4351 quadret
371 4281 581 4350 svmmrs,
600 4265 709 4330 Plauti
723 4265 852 4348 quidem
872 4264 1035 4328 imitatore
1055 4262 1282 4348 dignissimum

143 4369 288 4457 idemque
311 4371 353 4437 ad
375 4393 485 4436 veram
512 4370 721 4446 in,Plautino
750 4371 806 4436 illo
837 4369 922 4456 apud
945 4369 1087 4436 Gellium
1115 4371 1282 4457 epitaphio

143 4479 334 4564 scripturam
357 4477 525 4562 Postquam
547 4484 591 4546 cst
612 4483 739 4544 mortem
761 4484 852 4562 aptas
872 4477 1006 4546 Plautus
1027 4482 1104 4564 post
1126 4501 1177 4564 00,
1200 4501 1282 4564 quae
