3246 5082
203 401 250 448 oa
275 399 473 447 promamus
497 399 709 448 mussulam
733 401 940 449 asriuoavn
965 401 1234 463 sumovrssuus.
1263 387 1326 454 267

181 549 248 611 tem
272 544 310 608 de
334 541 433 608 caelo.
478 541 683 628 Intellegitur
706 543 769 610 lroc
792 545 933 629 primum
957 567 994 610 ex
1018 545 1093 612 libri
1118 545 1147 611 V
1171 546 1209 611 de
1232 546 1328 612 1161

181 653 264 734 §64
287 649 339 716 Iris
357 649 479 716 verbis:
503 649 615 735 ‘quare
637 651 723 736 quod
746 653 870 718 caelum
893 653 1097 737 principium,
1120 653 1161 717 ab
1184 658 1256 718 satu
1279 657 1330 720 est

181 760 286 825 dictus
311 757 483 842 Saturnus,
507 761 540 822 et
563 757 647 842 quod
672 757 772 843 ignis,
800 758 1025 824 Saturnalibus
1049 759 1132 824 cerei
1156 760 1328 844 superiori-

181 867 242 932 bus
266 861 466 930 mittuntur’:
490 864 541 929 cui
565 863 624 929 deo
645 863 747 949 Opem
772 865 918 950 sociarit,
940 871 1061 932 terram
1084 865 1329 952 interpretatus,

182 961 280 1059 ‘quod
308 977 396 1038 terra
424 970 549 1038 mater'.
593 971 633 1036 In
662 971 859 1058 eandemque
887 977 1013 1058 partem
1041 972 1153 1038 valent
1180 994 1263 1058 quae
1290 996 1328 1040 ex

182 1083 303 1148 Rerum
326 1079 507 1145 divinarum
530 1079 623 1146 libris
648 1085 798 1164 excerpta
816 1081 1018 1168 Augustinus
1043 1079 1185 1146 servavit
1207 1080 1246 1145 de
1269 1080 1329 1145 civ.

182 1189 233 1254 dei
256 1188 277 1254 l.
295 1185 360 1252 VII
384 1210 410 1253 o.
431 1187 471 1252 13
490 1184 660 1253 ‘Saturnus
675 1209 816 1253 —unus
840 1189 878 1253 de
901 1187 1101 1272 principibus
1120 1187 1208 1271 deus,
1229 1209 1329 1272 penes

183 1317 278 1381 quem
303 1294 465 1360 sationum
488 1295 633 1360 omnium
653 1295 836 1361 dominatus
861 1293 933 1378 est',
955 1295 1088 1360 conlata
1105 1293 1235 1379 quidem
1255 1316 1328 1360 eum

182 1402 248 1467 illis
271 1403 293 1466 l.
311 1400 371 1486 vl,
392 1402 411 1468 8
436 1400 531 1468 ‘sicut
553 1401 639 1467 idem
663 1401 815 1487 opinatur
838 1400 953 1486 Varro,
980 1401 1065 1487 quod
1088 1402 1251 1486 pertineat
1272 1400 1328 1468 Sa-

183 1513 296 1574 tumus
325 1507 365 1572 ad
393 1508 531 1590 semina,
563 1531 645 1594 quae
673 1510 706 1574 in
732 1513 854 1575 terram
882 1509 921 1574 dc
949 1532 1013 1595 qua
1039 1510 1188 1575 oriuntur
1210 1510 1328 1574 iterum
1383 1505 1387 1514 ⁴

183 1613 355 1700 recidunt',
386 1615 465 1680 item
493 1637 565 1680 cum
592 1616 644 1680 his
668 1615 746 1702 VII,
771 1617 811 1682 19
841 1615 1028 1682 ‘Saturnum
1055 1615 1219 1700 dixerunt,
1246 1638 1328 1700 quae

183 1725 262 1787 nats
284 1744 323 1788 ex
346 1743 384 1788 6ο
407 1725 529 1807 essent,
560 1723 690 1788 salttum
714 1723 882 1807 deuorare,
906 1723 992 1808 quod
1014 1743 1052 1788 eo
1076 1722 1212 1806 semina,
1244 1721 1328 1788 uude

167 1831 415 1913 ·naseerentur,‘
428 1827 591 1894 redirent?
641 1829 669 1894 Ε
692 1827 841 1896 Varrone
868 1851 941 1894 cum
964 1827 1184 1894 Tertullianus
1211 1827 1330 1913 pendet

182 1936 204 2001 l.
222 1935 255 2000 II
279 1935 321 2000 ad
343 1940 410 2001 nat.
433 1957 459 2000 c.
481 1935 535 2001 12:
559 1934 671 2021 ‘aeque
694 1936 789 2002 latini
812 1936 964 2002 uocabuli
987 1959 1007 2000 a
1030 1935 1209 2001 sationibus
1232 1935 1330 2002 ratio·

183 2065 257 2106 nem
283 2042 318 2122 [ii
343 2042 518 2125 deducunt]
551 2043 607 2128 qui
635 2065 707 2108 eum
741 2049 980 2128 procreatorem
1008 2043 1243 2108 coniectautur:
1273 2063 1330 2126 per

184 2171 256 2214 eum
281 2149 395 2231 [enim]
420 2149 590 2214 seminalia
614 2150 694 2214 caeli
720 2145 918 2231 [interram]
939 2149 1082 2229 deferri',
1104 2153 1175 2216 tum
1199 2168 1357 2214 suorum4

183 2259 309 2340 partem
337 2255 482 2322 Isidorus
510 2255 598 2341 Orig.
622 2255 716 2340 VIII,
738 2257 787 2340 11,
806 2257 851 2321 30
879 2257 1022 2341 repetiit:
1054 2255 1150 2320 ‘hunc
1172 2253 1283 2320 Latini
1311 2277 1332 2320 a

184 2367 258 2428 satu
282 2363 480 2448 appellatum
503 2364 625 2446 ferunt,
655 2365 746 2448 qnasi
775 2363 815 2428 ad
839 2364 945 2448 ipsum
969 2363 1054 2428 satio
1078 2363 1241 2446 pertineat
1264 2383 1330 2426 om-

183 2469 274 2536 nium
298 2493 420 2536 rerum:
448 2471 500 2535 uel
525 2494 544 2535 a
566 2470 722 2555 temporis
746 2469 958 2556 longitudine,
982 2469 1067 2555 quod
1091 2472 1255 2534 saturetur
1278 2491 1332 2534 an·

185 2574 258 2660 nis'‚
291 2581 324 2642 et
347 2578 403 2642 31:
436 2576 533 2662 ‘quod
562 2577 699 2660 semina,
731 2577 814 2642 unde
838 2577 1000 2659 oriuntur,
1031 2577 1149 2670 iterum
1176 2575 1333 2642 redeunt'.

184 2683 254 2749 Nee
276 2687 386 2750 tamen
408 2705 428 2748 a
451 2683 595 2767 generali
624 2682 759 2748 sationis
788 2683 987 2768 cogitatione
1016 2701 1205 2767 segregasse
1226 2681 1332 2747 Varro

184 2791 331 2876 ipsorum
355 2810 509 2874 agrorum
533 2789 691 2855 sationem
715 2788 877 2873 putandus
899 2793 955 2874 est,
978 2788 1107 2874 quando
1127 2788 1256 2855 ‘falcem
1276 2789 1332 2853 ha·

186 2899 261 2964 bere
292 2901 427 2982 propter
458 2893 708 2981 agriculturam'
741 2896 823 2960 dixit
854 2899 939 2961 teste
971 2893 1156 2981 Augustino
1179 2895 1257 2981 VII,
1283 2895 1332 2960 19.

185 3004 300 3089 Itaque
323 3007 460 3088 utraque
483 3004 616 3069 notione
641 3003 764 3070 sociata
786 3002 972 3068 Macrobius
997 3001 1063 3070 Sat
1086 3001 1112 3088 Ι,
1132 3004 1182 3087 10,
1202 3003 1242 3068 19
1267 3002 1333 3068 ‘Sa-

186 3111 473 3197 turnumeiusque
495 3131 627 3176 uxorem
650 3107 781 3196 (Opem)
805 3113 873 3174 tam
896 3110 1027 3195 frugum
1050 3132 1147 3194 quam
1169 3110 1333 3180 fructuum

186 3221 367 3302 repertores
391 3239 460 3282 esse
484 3216 586 3284 oredi'
610 3217 724 3284 scribit
747 3216 868 3302 ‘itaque
892 3217 979 3282 omni
1003 3217 1068 3282 iam
1091 3217 1160 3282 fetu
1180 3217 1351 3302 agrorum'

169 3307 301 3391 'coacto
324 3323 365 3390 ab
380 3323 566 3391 hominibus
583 3325 645 3388 hos
664 3325 741 3390 deos
761 3325 824 3390 ooli
842 3325 934 3409 quasi
953 3324 1041 3388 uitae
1053 3323 1208 3389 'cultioris
1227 3329 1334 3390 aucto-

188 3453 255 3497 res:
287 3453 367 3516 quos
395 3430 506 3498 etiam'
535 3431 596 3517 (sic
626 3431 711 3496 enim
740 3413 847 3516 pergit
875 3434 895 3512 ξ
919 3427 976 3516 20)
1005 3429 1181 3496 ‘nonnullis
1209 3431 1334 3495 caelum

189 3561 228 3604 ac
250 3542 370 3604 terram
394 3559 463 3604 esse
486 3560 675 3622 persuasum
700 3541 763 3622 est,
794 3537 1032 3622 Saturnumque
1061 3559 1080 3601 a
1107 3539 1181 3602 satu
1204 3536 1335 3621 dietum,

189 3645 279 3712 cuius
303 3666 399 3710 eausa
423 3644 462 3708 de
484 3647 574 3710 caelo
598 3643 659 3710 est’
688 3667 714 3710 6.
733 3667 762 3730 q.
781 3668 806 3710 s.
852 3642 974 3709 Contra
1002 3642 1042 3707 ad
1070 3643 1135 3708 vim
1162 3645 1333 3710 caelestem

189 3775 255 3818 uon
278 3752 499 3836 exspatiantes
526 3751 561 3818 in
589 3756 734 3817 satorum
764 3751 794 3816 h.
814 3775 840 3817 e.
864 3755 1010 3836 segetum
1039 3751 1238 3837 cogitatione
1262 3750 1334 3816 sub·

190 3859 304 3926 stitere
327 3863 361 3925 61
379 3858 544 3925 Arnobius
568 3857 639 3924 adv.
657 3862 724 3924 nat.
743 3857 800 3942 IV,
818 3858 839 3923 9
863 3857 1055 3942 ‘praesidem
1080 3856 1206 3923 satiuis'
1227 3857 1335 3921 dicens

190 3966 229 4032 de
252 3966 420 4050 praeclara
443 3964 667 4031 emendatione
691 3961 824 4030 Canteri
849 3961 1028 4049 (proditum
1052 3965 1101 4028 est
1124 3962 1210 4026 enim
1235 3961 1336 4046 ‘prae-

94 4084 100 4098 '
190 4074 293 4140 sidem
313 4071 463 4158 latinis’),
486 4075 519 4136 61
535 4091 612 4136 vero
631 4070 793 4154 imprimis
813 4070 986 4135 luculentis
1000 4067 1197 4134 testimoniis
1211 4066 1338 4152 Festus,

190 4183 293 4247 altero
322 4181 384 4246 hoc
408 4203 438 4264 p.
459 4181 522 4246 186
541 4177 598 4244 Ma
626 4177 756 4262 ‘Opima
778 4178 884 4262 spolia
911 4177 1062 4242 dicuntur
1085 4175 1244 4260 originem
1268 4177 1336 4261 qui·

192 4287 264 4354 dem
297 4286 462 4352 trahentia
495 4286 536 4350 ab
565 4285 633 4369 Ope
661 4283 792 4350 Saturni
820 4305 932 4366 uxore,
969 4283 1053 4366 quod
1084 4283 1153 4368 ipse
1185 4303 1336 4367 agrorum

191 4394 298 4460 cultor
320 4395 467 4476 habetur,
495 4393 682 4458 nominatus
706 4413 725 4456 a
749 4393 836 4476 satu,
868 4392 1045 4472 tenensque
1072 4389 1188 4454 falcem
1211 4389 1337 4477 effingi·

191 4503 255 4585 tur,
282 4504 439 4586 quaeest
466 4499 592 4586 insIgne
622 4496 795 4586 agricolae'
820 4519 846 4562 6.
864 4519 894 4582 q.
913 4519 951 4582 s.,
983 4497 1085 4564 altero
1113 4496 1209 4584 longe
1238 4498 1337 4566 etiam
