3166 5084
299 436 521 486 srmnsmvn
545 435 727 484 narmcvn
751 434 919 484 rouronn
943 434 1094 484 srssvnr.
1231 419 1270 482 17

123 600 193 643 esse
212 583 314 663 atque
333 579 414 644 adeo
433 581 517 645 veris
536 579 701 645 contraria
718 581 868 662 posterae
886 577 1144 644 ratiocinationis
1163 599 1272 643 nsces-

123 685 204 750 sitas
227 685 368 760 evincat
399 685 531 752 Etenim
555 708 627 751 enm
650 685 867 750 ratiocinandi
886 684 1013 769 copiam
1033 682 1272 768 meditandique

123 793 228 856 otium
265 793 405 879 deneget
442 793 629 878 plerumque
668 792 767 858 horae
804 795 1004 857 momentum
1035 790 1273 856 transcribendi

123 900 258 984 negotio
283 922 485 984 conoessum,
508 902 546 966 fit
568 905 618 978 ut,
641 899 728 985 quod
747 902 920 983 properata
939 897 1123 964 coniectura
1141 899 1272 964 investi·

124 1026 219 1090 gesse
237 1007 337 1072 nobis
356 1007 530 1090 videamur,
553 1005 586 1070 id
604 1010 773 1090 tamquam
797 1026 910 1089 reapse
935 1005 1090 1089 seriptum
1114 1005 1149 1068 in
1166 1005 1273 1088 lapide

124 1113 350 1195 praeiudicata
378 1114 531 1198 opinione
558 1113 701 1197 deceptis
730 1113 831 1178 oculis
860 1117 892 1177 et
915 1113 1004 1178 velut
1026 1113 1195 1178 fascinatis
1219 1135 1273 1196 ap-

126 1225 249 1303 pareat
287 1219 357 1286 Neo
380 1223 487 1286 minus
510 1220 574 1286 hoo
596 1221 630 1284 in
652 1220 783 1286 illorum
808 1241 910 1305 genus
934 1220 1093 1302 codicum,
1121 1240 1203 1302 quos
1225 1239 1273 1282 re·

127 1327 266 1411 scriptos
286 1327 438 1412 barbare,
461 1327 561 1392 latine
581 1327 748 1392 deleticios
768 1349 933 1410 vocamus,
957 1347 1054 1411 quem
1072 1325 1106 1390 in
1125 1347 1273 1391 corrosos

127 1434 252 1517 lapides
275 1435 371 1500 cadit
411 1434 457 1500 Et
479 1439 590 1499 tamen
612 1432 695 1498 nihil
722 1433 836 1498 critico
864 1433 1046 1516 molestius,
1072 1431 1274 1518 indagandae

128 1541 259 1604 veritati
281 1540 366 1606 nihil
390 1561 460 1606 esse
482 1539 697 1624 perniciosius
720 1543 831 1623 potest
854 1562 952 1624 quam
976 1561 1086 1604 earum
1111 1561 1275 1625 rerum,a

130 1647 244 1730 quibus
265 1650 433 1731 tamquam
451 1645 672 1712 fundamentis
692 1647 757 1712 suis
777 1645 942 1711 divinandi
961 1667 1059 1730 opera
1077 1647 1181 1712 omnis
1200 1668 1321 1732 pro-1v

130 1753 291 1819 ficiscatnr
310 1757 473 1838 oporteat,
496 1753 548 1818 vel
571 1752 734 1838 ignoratio
753 1751 805 1816 vel
823 1775 890 1818 non
909 1753 989 1818 satis
1008 1753 1101 1818 finita
1119 1755 1274 1840 cognitio:

89 1847 96 1854 ’
131 1860 210 1944 sive,
246 1861 332 1946 quod
363 1883 428 1926 non
464 1859 637 1926 observata
674 1864 751 1926 sunt
782 1882 864 1944 quae
901 1859 1103 1926 observanda
1139 1861 1276 1946 fuerant,

115 1967 264 2032 ..fluctuat
286 1967 456 2052 iudicium,
481 1968 548 2033 sive
572 1966 672 2052 quod,
695 1989 778 2051 quae
800 1989 867 2032 non
884 1966 1036 2052 videnda,
1059 1967 1131 2032 visa
1150 1949 1225 2034 sunt
1243 1973 1276 2034 et

131 2073 275 2158 cupidius
307 2075 438 2140 credita
489 2073 693 2159 Quapropter
724 2073 827 2159 prius,
864 2095 961 2158 quam
997 2078 1074 2158 post
1111 2079 1275 2159 peractam

133 2180 388 2246 emendationem
417 2182 523 2246 denuo
552 2181 700 2265 inspecto
728 2180 976 2265 examinatoque
1005 2180 1113 2265 lapide
1142 2181 1276 2267 librove,

132 2309 188 2354 nac
211 2287 288 2372 quid
311 2287 444 2354 tandem
472 2291 505 2353 et
528 2293 685 2373 quantum
712 2289 747 2352 in
768 2287 830 2352 tali
852 2291 1135 2354 monumentorum
1159 2309 1276 2374 genere

133 2395 285 2478 scriptum
313 2398 431 2478 exstet,
463 2415 536 2460 cunr
564 2393 674 2477 aliqua
701 2393 897 2458 confidentia
924 2393 1126 2478 exploratum
1154 2395 1277 2482 haberi,

134 2523 188 2568 nec
210 2503 283 2587 ipsa
305 2501 487 2568 emendatio
512 2501 599 2566 credi
622 2504 732 2586 potest
755 2501 898 2584 perfecta
921 2523 1001 2566 esse.

217 2609 262 2675 Et
284 2609 365 2674 haec
392 2609 523 2694 quidem
551 2608 720 2693 praefandi
748 2608 1026 2692 opportunitatem
1055 2607 1276 2672 memorabilis

137 2714 298 2800 inscriptio
330 2715 481 2800 praebuit
513 2716 761 2800 argumentique
792 2714 927 2780 raritate
957 2711 1144 2800 insignis*),
1180 2735 1276 2798 quam

136 2818 338 2887 felicissimus
367 2823 402 2887 in
430 2821 491 2900 hoc
521 2842 639 2908 genere
666 2823 796 2887 calcatam
825 2823 990 2906 indagator
1012 2819 1063 2906 (ut
1086 2844 1159 2887 cum
1181 2827 1278 2908 poeta

135 2925 488 3013 loquar)l'r1aonoavs
503 2927 741 2994 Monnsnmvs
765 2927 870 2994 Roma
888 2949 991 3012 nuper
1006 2927 1153 2994 Bonnam
1172 2933 1276 2995 trans-

136 3032 220 3096 misit
241 3031 354 3100 Museo
377 3040 489 3102 nostro
513 3035 711 3119 philologico
741 3034 955 3120 inserendam,
979 3034 1068 3100 ouius
1092 3058 1162 3100 eam
1185 3037 1278 3102 fasci-

135 3141 222 3206 culus
244 3142 369 3226 primus
393 3142 476 3208 sexti
499 3142 672 3208 voluminis
696 3141 828 3207 tenebit.
860 3141 994 3207 Interim
1017 3145 1127 3208 tamen
1149 3165 1220 3208 eam
1243 3144 1278 3208 in

135 3248 307 3313 menstruis
331 3249 458 3314 schedis
482 3247 628 3313 Instituti
651 3248 903 3334 archaeologici,
926 3271 1007 3334 quae
1031 3249 1203 3315 Bullatino
1230 3251 1277 3314 in-

37 3427 44 3450 ,
136 3355 271 3440 scriptae
294 3355 419 3422 Romae
441 3355 616 3444 prodeunt,
644 3354 740 3420 huius
769 3355 845 3420 anni
868 3355 1073 3422 fasciculoV
1096 3378 1127 3439 p.
1141 3357 1185 3420 94
1207 3357 1278 3441 ipse

136 3461 310 3542 publicavit
333 3463 445 3528 eodem
467 3483 601 3546 prorsus
624 3461 720 3528 modo
749 3462 873 3526 lacunis
902 3463 1075 3546 suppletis,
1105 3463 1160 3526 sed
1184 3464 1278 3528 etde

136 3567 254 3652 reliquo
288 3573 480 3653 argumento
512 3571 608 3654 longe
637 3568 784 3633 breviore
813 3569 1079 3636 commentariolo
1108 3571 1218 3634 addito
1246 3575 1279 3635 et

136 3675 260 3739 omissis
285 3697 366 3758 quae
390 3677 431 3741 ad
454 3676 573 3760 lapidis
602 3675 822 3741 condicionem
850 3675 1091 3740 describendam
1114 3677 1279 3760 pertinent

136 3781 292 3846 omnibus.
342 3781 433 3848 Haeo
464 3785 574 3848 autem
606 3781 678 3866 ipsa
715 3802 787 3846 cunr
819 3784 932 3846 nostra
963 3783 1122 3867 imprimis
1158 3782 1279 3847 referet

136 3906 325 3972 cognoscere
344 3909 442 3972 quam
461 3887 657 3973 plenissime,
675 3909 740 3952 non
755 3887 920 3970 potuimus
938 3909 1003 3952 non
1024 3889 1127 3973 ipsam
1142 3888 1277 3954 Momm-

137 3993 213 4058 senii
236 4015 369 4059 manum
392 3993 486 4059 vobis
509 3997 753 4078 repraesentare
777 3993 977 4079 lithographi
1004 3999 1073 4060 arte
1097 3995 1131 4060 in
1155 3995 1278 4060 adiecta

136 4095 207 4163 huic
228 4101 395 4184 prooemio
418 4099 588 4184 tabula**)
619 4103 740 4184 quanta
766 4100 837 4165 fieri
864 4099 927 4165 fide
954 4101 1063 4184 potuit
1085 4122 1279 4186 expressam,

203 4274 229 4344 l)
249 4273 303 4346 [Of.
322 4273 479 4330 Mommsen
497 4275 517 4328 l.
537 4275 572 4330 N.
590 4281 667 4341 1137,
694 4275 807 4332 Henaen
826 4275 871 4332 Or.
888 4281 966 4346 5605,
995 4275 1147 4331 Buecheler
1166 4277 1279 4332 Anthol.

138 4359 278 4432 epigraph.
297 4363 346 4418 lat
366 4381 439 4433 spec.
459 4363 471 4418 l
490 4363 606 4434 (Gryph.
629 4367 707 4431 1870)
726 4383 753 4418 n.
772 4363 870 4418 XXIX.
908 4363 937 4419 C.
952 4365 1009 4437 W.]

192 4454 233 4522 **)
254 4449 358 4523 [Quam
376 4452 533 4508 iterandam
547 4451 594 4508 hic
608 4453 712 4520 curavi,
727 4471 790 4508 oum
805 4453 867 4507 tota
881 4451 1028 4510 Ritschelii
1042 4453 1195 4525 disputatio
1209 4453 1279 4508 ima-

140 4537 199 4606 gine
217 4540 245 4594 in
264 4557 299 4596 ea
317 4540 443 4596 exhibita
460 4542 574 4598 nitatur.
612 4540 641 4595 C.
657 4541 714 4612 W.]

188 4647 227 4683 rs.
241 4649 392 4686 arr-semaam
411 4649 543 4686 orvscvm
562 4651 599 4686 rr.
1068 4645 1083 4691 2

42 4705 55 4812 i
