3166 5084
403 477 408 486 ¹
497 411 670 462 eoueonu
692 412 836 462 nissum
860 412 1007 461 ronnas.
1278 397 1319 460 31

165 554 241 618 nius
271 553 498 620 omittebatur.
543 555 724 621 Permirum
752 561 803 622 est
830 561 939 622 autem
964 556 1006 621 ab
1030 577 1139 621 eorum
1163 577 1247 640 quae
1275 577 1321 620 se·

166 664 287 726 cuntur
310 662 412 745 plana
436 665 469 726 et
490 663 673 729 necessaria
696 663 856 730 sententia
873 667 1000 728 tantum
1020 664 1171 728 aberrare
1186 661 1322 728 Momm·

171 768 301 832 senium
325 769 480 853 potuisse.
525 769 643 835 Levius
672 773 723 834 est
750 769 835 856 quod
863 771 916 835 vix
945 773 1055 855 potest
1076 771 1157 835 aare
1182 771 1323 853 sapeco

169 876 235 940 dici
258 899 322 962 pro
344 877 476 959 scopulis
497 880 586 960 vitae,
609 878 665 942 ubi
690 877 819 962 quidem
843 877 1021 962 generatim
1043 877 1218 963 loquimur3
1250 897 1322 962 gra·

171 983 244 1046 vius
268 983 356 1068 quod
379 1007 494 1068 parum
518 983 684 1049 commode
708 984 805 1049 binae
829 984 1007 1049 sententiae
1031 989 1157 1069 coeunt,
1187 1007 1322 1069 quarum

171 1089 278 1154 altera
301 1094 416 1174 portus
439 1091 469 1155 ei
493 1113 563 1156 esse
586 1095 720 1176 paratus
744 1092 878 1174 dicatur,
902 1111 997 1175 quern
1015 1090 1118 1155 altera
1136 1091 1217 1156 mire
1235 1097 1323 1157 vetet

172 1195 262 1260 vitae
286 1197 456 1262 molestias
484 1198 535 1262 vel
562 1198 705 1282 pericula
733 1195 789 1284 (an
812 1198 914 1262 vitam
940 1201 1054 1281 utpote
1077 1199 1248 1263 molestam
1271 1200 1322 1263 vel

172 1303 425 1388 periculosam‘l)
448 1305 547 1370 nimis
570 1306 731 1370 tenaciter
753 1305 915 1388 amplecti.
955 1305 1059 1370 immo
1082 1305 1247 1370 contraria
1269 1306 1323 1370 de-

172 1431 263 1475 mum
287 1411 486 1496 cogitatione
515 1413 655 1478 eflicitur
682 1416 719 1476 ut
747 1434 843 1477 sanus
873 1411 952 1478 ordo
980 1412 1214 1476 sententiarum
1241 1413 1322 1478 invi-

171 1539 243 1598 cem
266 1516 331 1582 sibi
358 1519 535 1583 relatarum
563 1517 712 1603 prodeat:
744 1541 811 1582 non
840 1521 915 1582 sunt
942 1517 1028 1582 vitas
1057 1517 1199 1603 pericula
1225 1519 1322 1583 nimis

172 1625 423 1708 extimescenda,
446 1647 518 1690 oum
543 1647 580 1689 ex
606 1625 654 1690 eis
678 1624 864 1710 emergendi
887 1626 976 1690 certa
999 1624 1052 1688 via
1074 1627 1193 1708 pateat.
1233 1627 1323 1711 Ergo

173 1735 255 1796 nota
286 1731 359 1815 illa,
390 1753 487 1815 quam
515 1730 748 1796 Mommsenios
786 1731 953 1796 dimidiam
986 1734 1113 1814 partem
1143 1750 1167 1796 n
1196 1731 1323 1797 litterae

173 1839 408 1921 interpretatus
432 1842 491 1922 est,
514 1855 538 1901 a
562 1837 690 1902 litterae
713 1837 823 1921 potius
846 1838 986 1922 vestigia
1010 1842 1139 1902 servata
1163 1860 1233 1904 esse
1256 1861 1323 1906 cre-

172 1945 289 2030 dimus,
304 1950 339 2010 et
351 1943 488 2010 totidem
501 1945 568 2009 fere
587 1944 704 2009 litteris
720 1948 888 2008 exaratum
902 1943 1002 2009 fuisse
1020 1961 1066 2008 Na
1078 1980 1084 1992 ·
1095 1962 1174 2022 Qvls
1185 1981 1190 1994 ·
1202 1964 1323 2010 vma-

172 2068 340 2117 scoenos
353 2087 360 2100 ·
375 2069 541 2117 aoranae.
592 2051 739 2134 Saeptum
771 2053 857 2118 enim
889 2052 1028 2117 formam
1057 2073 1191 2136 eamque
1218 2053 1322 2138 ipsam

172 2158 356 2224 inauditam
380 2183 436 2225 cur
458 2159 515 2224 ille
543 2159 702 2243 expetisse
729 2159 884 2242 videatur,
915 2162 1022 2224 tacere
1051 2179 1148 2243 quam
1170 2181 1323 2244 quaerere

173 2271 332 2350 praestat.
361 2263 512 2332 Proximo
527 2285 623 2330 versu
637 2265 688 2330 vel
707 2289 727 2330 a
746 2263 924 2330 sententiae
943 2263 1087 2328 exilitate
1106 2266 1323 2332 reiectaneum

173 2377 224 2437 est
245 2374 274 2438 ci
296 2377 389 2454 etque
410 2372 565 2454 amadus,
598 2393 657 2436 nec
685 2371 899 2436 dubitandum
927 2371 1005 2456 quin
1034 2371 1067 2436 in
1096 2389 1177 2436 amc
1204 2373 1322 2438 litteris
1432 2387 1435 2393 '

174 2479 261 2543 alind
275 2478 445 2563 quippiam
459 2479 570 2544 lateat.
593 2475 625 2542 N
627 2500 668 2542 on
683 2499 798 2562 capere
817 2478 952 2542 lacunae
967 2476 1107 2542 ambitus
1121 2478 1183 2543 hoe
1197 2480 1324 2563 supple·

174 2591 319 2650 mentum
347 2585 486 2650 videtur:
516 2601 703 2650 Paternus·
720 2601 877 2648 onarnvs.
923 2582 1038 2666 Itaque
1067 2601 1088 2646 s
1115 2583 1197 2647 illud
1224 2583 1322 2647 inter-

174 2696 342 2776 pretamur
366 2709 402 2774 a,
425 2709 437 2756 1
461 2695 569 2755 autem
592 2707 628 2775 n,
656 2695 820 2774 postremo
846 2707 865 2754 o
890 2687 1038 2778 (prorsus
1062 2691 1098 2752 ut
1118 2711 1144 2753 v.
1159 2688 1181 2753 5
1199 2689 1232 2752 in
1251 2688 1322 2772 ipso

173 2800 280 2884 lapide
303 2798 401 2865 hodie
429 2815 682 2864 rasnsrvracea
705 2795 825 2883 exstat)
849 2797 957 2881 potius
981 2813 1018 2879 e,
1046 2795 1126 2860 haec
1149 2797 1186 2859 ut
1207 2799 1323 2879 poetae
1371 2839 1378 2860 .

65 2966 71 2972 .
174 2928 289 2971 manus
323 2907 380 2970 sit:
418 2923 551 2972 eoarvs
567 2942 572 2954 ·
589 2923 872 2989 aanorrrurrars,
903 2903 956 2970 hic
989 2924 1117 2988 quoque
1149 2901 1322 2968 Mommse-

174 3013 264 3080 niani
282 3013 502 3098 supplementi
520 3015 651 3080 modulo
670 3011 920 3098 diligentissime
940 3015 1077 3076 servato.
1108 3009 1217 3094 Atque
1239 3031 1322 3075 nuno

173 3121 303 3186 demum
323 3121 599 3206 elegantissimam
619 3119 895 3205 comparationem
914 3117 1001 3183 nacti
1017 3139 1141 3201 sumus,
1163 3139 1244 3202 quae
1259 3117 1322 3182 sibi

174 3229 246 3312 ipsa
268 3249 328 3312 per
351 3227 499 3313 singulae
522 3232 633 3312 partes
656 3231 741 3292 reete
765 3229 901 3292 constet
941 3223 1071 3290 Etenim
1092 3225 1203 3306 satalia
1224 3225 1323 3289 exitus

173 3335 229 3398 ille
252 3355 320 3399 non
344 3337 473 3418 spectat
495 3333 535 3397 ad
558 3333 665 3398 locum
688 3331 723 3396 in
746 3351 842 3416 quem
866 3331 978 3415 exitur,
1008 3331 1063 3395 sed
1091 3331 1175 3395 uude
1203 3330 1322 3415 exitur3

172 3462 232 3506 nec
261 3441 350 3506 enim
380 3439 543 3504 discessus
571 3439 610 3504 de
639 3439 707 3503 rita
738 3438 955 3523 significatur,
987 3458 1099 3502 verum
1127 3438 1189 3501 iter
1216 3437 1322 3522 ingre·

173 3548 332 3613 clientium
356 3551 389 3611 et
404 3568 524 3612 navem
543 3545 737 3611 solventium
757 3545 864 3610 abitus
883 3566 904 3608 a
920 3547 1009 3608 terra
1025 3543 1322 3628 minitabundisque

173 3655 275 3722 maris
300 3653 442 3737 scopulis
466 3652 596 3718 obviam
620 3652 694 3718 itio:
717 3651 813 3736 plane
837 3653 874 3716 nt
897 3650 982 3734 apud
1001 3649 1185 3715 Lucretium
1203 3649 1227 3734 Ι,
1245 3651 1322 3715 101:

172 3761 290 3826 Erite-s
325 3766 362 3824 at
392 3761 484 3825 classi
507 3759 584 3841 setta
610 3759 792 3840 faustusque
822 3759 956 3822 daretur.
1012 3755 1083 3822 Hoc
1111 3757 1212 3842 igitur
1240 3755 1320 3822 dicit
1331 3770 1375 3812 xv

173 3873 287 3952 poeta:
311 3867 402 3932 nasci
426 3865 525 3930 fatale
549 3870 607 3950 est,
630 3887 697 3930 non
720 3865 810 3929 nasei
833 3863 868 3928 in
888 3863 1008 3928 nullius
1027 3867 1190 3948 potestate
1209 3863 1322 3948 situm3

173 3975 230 4039 sed
260 3974 342 4040 illud
372 3973 407 4038 in
434 3972 537 4052 libera
564 3971 827 4055 uniuscuiusque,
859 3972 893 4036 id
921 3971 975 4055 qui
998 3971 1128 4053 (lepiwt,
1159 3973 1322 4054 potestate

170 4083 327 4166 positum,
342 4083 418 4164 post
435 4101 500 4146 non
519 4078 738 4144 voluntarium
757 4082 888 4162 partum
907 4099 1034 4142 rursum
1053 4077 1191 4140 denasci.
1214 4073 1322 4142 Simil-

171 4189 288 4254 limum
316 4209 383 4252 non
410 4209 475 4252 uno
504 4187 635 4251 nomine
664 4181 828 4250 Ciceronis
857 4183 1102 4268 apophthegma
1129 4206 1146 4248 e
1169 4183 1254 4250 libro
1284 4184 1322 4250 de

170 4295 399 4361 consolatione·
420 4297 646 4377 expromptum
670 4313 690 4354 a
708 4289 878 4355 Lactantio
901 4288 973 4356 Div.
989 4290 1068 4356 lust.
1086 4289 1145 4375 III,
1161 4291 1201 4356 19
1230 4293 1250 4372 ἐ
1268 4291 1321 4356 14:

172 4403 249 4468 Nee
266 4401 355 4466 aare
374 4401 460 4482 lonpc
479 4401 637 4481 eptimam,
659 4419 714 4463 aec
736 4399 771 4462 ta
788 4397 842 4462 hos
864 4397 1035 4479 scopulos
1058 4399 1189 4464 incidere
1207 4399 1321 4476 vitae;

166 4511 352 4593 prociarum
375 4512 490 4585 cumr,
512 4507 541 4572 si
563 4511 656 4571 iratas
678 4507 735 4588 sla,
758 4525 853 4586 qaam
871 4506 1012 4586 miceam
1035 4512 1193 4588 toarqrram
1216 4524 1252 4568 aa
1274 4505 1321 4567 ic·
