3216 5082
569 397 852 446 sverusuuuuvu
874 399 923 446 111.
1262 383 1327 448 539

251 561 287 604 so
300 540 579 625 ‘breitgesperrtes
605 542 657 612 ΛΛ
681 541 877 625 anuehmen,
904 542 964 606 wie
983 563 1017 606 es
1036 541 1087 606 die
1107 543 1251 627 roustige
1270 542 1328 607 Ge

250 646 635 714 sacramencum
658 648 717 713 aur
736 649 840 714 dieser
862 647 1019 714 Insania
1042 650 1207 715 verbisne
1240 649 1327 714 nnc·
1443 623 1450 636 “

250 755 316 819 lioh
338 754 444 819 haben
467 753 527 817 wir
549 752 657 818 hiuter
679 753 710 818 V
733 755 784 818 bie
807 777 880 818 zum
903 755 1013 820 Raude
1038 755 1093 820 des
1113 754 1250 839 stainos,
1273 755 1327 821 ab·

250 862 390 947 genehen
413 883 476 926 von
495 861 587 946 jener
606 857 749 945 Scharte,
772 861 845 926 eine
868 862 937 926 sier
954 861 1074 947 Fiugcr
1093 863 1196 928 breite
1215 863 1327 928 durch-

250 989 322 1054 weg
344 969 449 1054 glatte
471 966 599 1032 rische.
900 1019 904 1028 .

340 1073 432 1139 Taiel
459 1071 551 1137 eoJ
582 1072 659 1138 Η
697 1071 915 1140 ADVEIXEI
948 1075 1026 1140 oder
1060 1074 1327 1140 ADVEIXEIT?

250 1181 370 1246 Hiuter
397 1183 468 1246 dem
497 1179 513 1244 Ι
540 1180 612 1244 sind
639 1181 745 1266 einigo
773 1180 900 1246 Punlrte
928 1183 1133 1266 hemerkbar,
1165 1186 1250 1246 etwa
1277 1203 1328 1246 so:

250 1286 492 1372 ADVEIXlllp.
537 1285 630 1350 Doeh
654 1286 769 1351 stchcn
792 1287 839 1352 sie
863 1287 936 1353 dem
959 1287 975 1352 l
999 1311 1037 1353 zu
1060 1288 1145 1353 nahe
1168 1287 1232 1352 und
1257 1287 1328 1352 sind

250 1394 344 1459 nicht
374 1393 436 1458 tief
465 1414 587 1478 genug,
619 1417 674 1458 um
701 1393 754 1459 fiir
781 1395 832 1460 die
860 1393 959 1460 Reate
988 1394 1075 1461 ciues
1099 1395 1126 1458 T
1156 1395 1267 1479 geltcn
1290 1416 1328 1459 zu
1357 1439 1362 1446 -

251 1503 431 1672 konnllliifel
454 1607 540 1672 42L
563 1607 596 1671 Z.
615 1607 636 1671 4
659 1608 703 1672 ist
726 1630 759 1673 as
784 1609 941 1673 ebenfalls
963 1631 1025 1673 nur
1042 1607 1184 1674 falscher
1203 1607 1329 1691 Sabain,
1343 1637 1401 1677 xxx

251 1717 325 1781 dass
353 1712 665 1784 Accvuncmvlcl
694 1715 870 1799 gestaudeu
899 1715 992 1779 habe.
1042 1715 1227 1800 Allerdiugs
1256 1715 1329 1780 siud

250 1823 359 1888 hinter
382 1822 454 1886 dem
477 1820 493 1884 l
521 1821 626 1906 einige
653 1820 799 1884 ziemlich
828 1821 936 1886 starhe
959 1821 1193 1907 Vertiefungen
1216 1823 1249 1887 in
1274 1821 1330 1887 der

253 1929 415 2013 Richtung
443 1927 531 1992 eines
558 1926 927 2010 Perpeudicularstriehs
955 1928 1156 2014 hemerhbar,
1183 1933 1268 1993 etwa
1295 1929 1328 1994 in

252 2037 355 2101 dieser
369 2035 492 2099 Weiss:
518 2031 633 2117 uvi:
670 2033 763 2099 Doch
787 2039 894 2101 setuen
919 2035 965 2100 sie
988 2035 1081 2100 nicht
1103 2059 1145 2100 an
1168 2037 1229 2102 deu
1246 2035 1329 2102 Stel-

250 2144 303 2207 len
323 2141 388 2224 eiu,
411 2163 462 2206 wo
481 2163 556 2204 man
572 2139 622 2206 die
637 2139 844 2217 Querstriche
863 2142 918 2208 des
936 2142 965 2206 Ε
985 2143 1206 2208 anunuehmen
1226 2143 1330 2226 hdtte3

253 2249 335 2315 anch
358 2249 404 2313 ist
427 2271 500 2314 vom
525 2247 553 2332 1,
577 2246 716 2314 welches
734 2249 817 2313 nach
837 2247 910 2312 dem
929 2247 956 2312 u
975 2247 1089 2332 folgeu
1108 2247 1212 2328 sollte,
1235 2249 1329 2312 keine

252 2355 336 2440 Spur
358 2377 396 2419 zu
420 2354 531 2437 schen,
554 2353 711 2420 vielmehr
735 2353 786 2418 die
802 2353 920 2419 Fl'ache
943 2355 999 2419 des
1022 2353 1129 2419 Steins
1154 2353 1235 2420 auch
1258 2355 1331 2420 hier

251 2461 450 2547 vollsttudig
472 2461 579 2546 glatt'

273 2747 311 2813 In
334 2747 455 2812 eisdem
480 2745 667 2831 Scipionum
697 2747 812 2832 elogiis
836 2746 937 2810 etiam
965 2747 1030 2810 alia
1058 2747 1196 2812 suntad
1220 2769 1330 2812 veram

185 2855 357 2920 lectionem
385 2853 635 2937 archetyporum
663 2851 842 2938 redeuntia,
874 2875 957 2938 quae
987 2857 1040 2918 sat
1065 2855 1153 2918 recte
1181 2854 1331 2938 expedita

186 2984 256 3026 esse
278 2981 401 3046 negem.
446 2959 475 3025 E
500 2960 616 3046 quihus
640 2983 738 3024 unum
761 2982 846 3025 nune
870 2960 1052 3044 exemplum
1076 2961 1232 3046 deligam,
1261 2983 1330 3045 per·

185 3069 292 3134 tineus
315 3067 348 3134 id
372 3070 412 3134 ad
435 3070 502 3134 tab.
525 3067 615 3134 Xhll
635 3068 677 3132 L:
701 3068 758 3132 uhi
782 3091 854 3134 cum
877 3069 911 3134 in
934 3070 1085 3134 carminis
1109 3091 1202 3134 versu
1226 3069 1330 3135 altero

184 3175 283 3261 longo
308 3197 347 3240 ex
365 3179 511 3259 tempore
534 3179 721 3240 constanter
740 3175 862 3241 editum
881 3181 967 3240 esset
982 3169 1329 3245 PROGENIEMGE·

185 3281 278 3362 NVI,
302 3301 361 3364 ego
376 3279 478 3346 Musei
495 3280 597 3345 lthen.
615 3285 638 3344 t.
652 3281 699 3344 IX
724 3305 754 3364 p.
770 3283 790 3346 6
806 3284 919 3364 [supra
933 3305 963 3365 p.
979 3284 1042 3348 218
1055 3286 1115 3367 sq.]
1140 3285 1329 3348 observave-

186 3408 257 3450 ram
284 3407 349 3452 nou
377 3387 439 3451 hoc
462 3387 571 3470 potius
595 3408 692 3470 quam
715 3386 1140 3457 PROGENlllNllGElNVI
1165 3388 1330 3472 inlepide

186 3492 346 3575 scriptum
367 3514 449 3576 esse,
478 3491 703 3575 interpositam
727 3495 834 3556 autem
863 3493 1029 3578 lincolam,
1057 3513 1138 3576 quae
1162 3493 1178 3557 l
1201 3493 1329 3560 litterae

187 3598 326 3682 speciem
350 3619 427 3683 prae
452 3621 486 3662 se
508 3598 586 3681 fert,
613 3619 680 3662 nou
708 3619 778 3662 esse
806 3598 933 3662 aliunde
961 3598 1024 3662 nisi
1052 3621 1091 3663 ex
1119 3622 1226 3665 errore
1250 3602 1329 3685 lapi·
1417 3661 1419 3666 .

186 3705 275 3770 cidae
297 3705 514 3789 repetendam.
551 3703 674 3770 Contra
696 3706 802 3770 visum
826 3709 876 3770 est
894 3703 1105 3786 Mommseno,
1128 3707 1183 3792 qui
1203 3705 1237 3772 O.
1255 3707 1280 3772 Ι.
1295 3708 1329 3772 L.

186 3811 202 3876 I
224 3834 255 3896 p.
273 3811 315 3875 21
339 3833 370 3876 n.
389 3811 431 3876 38
459 3811 516 3876 illa
543 3812 615 3896 ipsa
637 3812 776 3878 lectione
799 3816 950 3895 suscepta
976 3813 1105 3896 culpam
1130 3837 1149 3878 a
1172 3814 1329 3897 lapidatio

185 3923 345 3984 remotam
368 3918 402 3982 in
424 3923 554 4002 poetam
577 3919 747 3984 haustulit
770 3917 831 4002 hoc
856 3919 1032 3984 constituto
1056 3920 1231 3986 versiculo:

389 4043 550 4128 Prdgtui‘e
573 4043 617 4107 mi
642 4045 752 4128 genui,
775 4043 863 4107 facta
886 4043 989 4127 patris
1012 4045 1125 4128 petiei:

186 4169 216 4234 h.
236 4191 262 4234 e.
284 4167 498 4254 progeniem).
544 4167 656 4233 Talem
689 4167 789 4254 igitur
819 4171 1059 4251 pentametrum
1093 4191 1164 4233 cum
1193 4171 1233 4234 ab
1261 4169 1328 4236 ullo

187 4297 339 4362 umquam
361 4277 413 4341 rel
432 4275 587 4341 mediocri
606 4280 703 4360 poeta
720 4275 843 4340 factum
863 4295 1033 4360 negavero,
1056 4277 1109 4341 vix
1131 4299 1201 4342 esse
1220 4297 1329 4344 veren-

186 4384 261 4448 dum
284 4384 411 4450 videtur
434 4405 474 4448 ue
498 4383 533 4448 iu
556 4383 743 4468 cuiusquam
762 4381 1044 4467 reprehensionem
1064 4381 1235 4450 incurram.
1266 4383 1329 4450 Ne-

186 4511 247 4572 que
274 4490 357 4576 ipsc,
388 4492 453 4556 nisi
479 4491 589 4575 fallor,
621 4489 840 4556 Mommsenus
868 4511 1020 4574 umquam
1047 4491 1231 4576 probasset,
1264 4493 1327 4557 nisi
