3166 5084
476 337 645 442 ionsosn
668 391 812 442 nsssvnr
836 393 982 442 rennes.
1259 377 1303 441 29

152 550 235 598 oms
274 534 383 600 cadat
438 532 505 600 Nee
543 536 649 602 minus
686 536 839 622 languere
875 551 1222 602 Annosssr1·rrn1'rn
1255 536 1305 600 vel

152 658 302 706 cannrrn
329 643 486 728 sentietis,
509 643 580 727 pari
602 643 732 728 quidem
749 665 883 710 numero
902 644 1097 726 litterarum,
1119 641 1216 706 nimis
1240 641 1303 706 dis-

149 746 249 820 simili
269 749 378 816 initio.
409 748 496 815 Nam
510 749 652 834 aliquam
666 754 753 816 certe
772 749 993 816 similitudinis
1013 749 1153 834 speciem
1174 770 1304 814 servan-

150 851 226 918 dsm
245 877 325 922 esse
343 855 442 921 iidem
460 877 521 920 nos
540 855 770 942 intellegimus,
793 857 848 940 qui
863 877 940 922 sane
955 879 1029 922 cunr
1043 857 1077 920 in
1090 878 1119 920 v.
1133 855 1172 920 13
1187 859 1256 920 tum
1270 855 1305 920 in

148 958 237 1025 bunc
250 983 386 1027 versum
400 961 561 1046 imprimis
575 961 683 1028 velere
695 962 787 1027 illam
797 961 1050 1028 admonitionem
1060 961 1230 1046 voluimus,
1240 985 1305 1046 qua

149 1068 335 1133 carendum
358 1089 429 1134 esse
452 1068 591 1133 diximus
614 1090 655 1134 ne
677 1068 775 1132 deriis
790 1068 934 1152 lapidum
952 1067 1109 1152 partibus,
1132 1091 1212 1153 qnss
1236 1068 1304 1133 sive
1313 1087 1374 1128 ¹111

148 1177 339 1259 temporum
363 1177 430 1241 sive
453 1175 622 1242 bominum
646 1175 764 1240 iniuria
787 1175 926 1242 corrosit
952 1179 1009 1240 ent
1031 1174 1175 1258 detrivit,
1207 1173 1304 1239 nimis

149 1277 224 1343 fidei
249 1281 431 1368 legentium
454 1304 492 1348 ao
514 1282 801 1348 transcribentium
819 1281 1017 1347 testimoniis
1036 1280 1087 1347 vel
1104 1281 1213 1366 potius
1232 1301 1304 1346 eon-

148 1385 288 1453 iecturis
311 1389 488 1454 tribuatur:
511 1390 630 1474 quippe
652 1389 735 1454 tules
758 1389 884 1474 lapides
903 1389 1094 1475 quicumque
1114 1387 1216 1454 oculis
1234 1409 1303 1452 nm-

149 1512 251 1574 quam
271 1497 440 1580 tractsvit,
463 1518 522 1561 suo
542 1499 693 1580 expertus
714 1497 861 1580 exemplo
879 1498 971 1563 novit
990 1519 1087 1582 quam
1111 1497 1155 1560 sit
1173 1495 1304 1560 difficile

149 1599 192 1664 sb
216 1599 352 1668 lineolis
376 1603 585 1688 apicibusque
608 1625 686 1668 cusu
710 1605 790 1669 ortis
816 1603 945 1669 residua
972 1603 1157 1688 fragmenta
1180 1603 1304 1668 litters·

149 1726 223 1770 rum
239 1707 425 1773 discernere
438 1729 497 1773 nec
512 1707 659 1774 rimando
673 1709 725 1774 vel
739 1709 905 1774 nolentem
920 1709 1083 1776 hariolari.
1106 1709 1221 1793 Itaque
1231 1730 1304 1773 cum

149 1811 316 1880 incertum
340 1834 365 1880 rr
393 1815 437 1880 sit
464 1819 539 1881 ante
564 1833 608 1882 oc
638 1815 765 1880 litteras
789 1816 922 1901 lectum,
945 1815 1084 1882 fortusse
1107 1837 1173 1880 non
1196 1815 1304 1898 inepte
1358 1823 1361 1828 '

150 1922 297 1988 conicias
320 1939 387 1989 vos
401 1957 409 1973 ·
425 1941 462 1988 m
476 1957 483 1973 ·
498 1938 705 1988 ssrvncflsso
719 1957 726 1972 ·
741 1939 870 1988 PocsA·
887 1945 1012 1988 essars
1027 1957 1034 1972 ·
1049 1939 1217 1988 ranorum.
1250 1920 1303 1986 Sic

150 2023 203 2092 Sic
228 2030 376 2095 carmine
400 2029 572 2114 sepulcrali
591 2028 811 2115 Anthologiae
832 2029 918 2094 1450
941 2028 988 2095 ed.
1007 2028 1128 2114 Meyer.
1151 2028 1302 2094 defuncto

151 2137 294 2216 patrono
317 2135 480 2202 libertum.
491 2135 609 2201 ossibile
631 2135 799 2215 inscendam
817 2155 895 2217 quae
911 2156 1083 2218 numqaum
1100 2137 1175 2201 uino
1193 2136 1303 2202 bibisti.

150 2236 281 2308 Ibidem
305 2263 404 2308 earm.
416 2243 514 2308 1439:
536 2246 631 2324 ntqnc
642 2242 710 2306 snis
722 2241 866 2307 monibus
878 2243 968 2324 tiores
981 2242 1060 2307 mibi
1071 2243 1202 2324 cinoque
1214 2263 1303 2324 saepe

149 2347 302 2426 funderet.
354 2347 400 2414 Et
424 2349 524 2416 1139:
558 2349 628 2414 vino
659 2369 818 2432 consperqe
843 2350 1024 2432 sepulcrum.
1070 2347 1118 2414 cf.
1144 2349 1243 2414 1312:
1275 2351 1304 2414 si

149 2461 261 2535 eratum
282 2454 372 2520 bomo
386 2475 424 2534 es,
442 2456 541 2532 misce,
561 2453 632 2538 bibe,
655 2456 697 2520 do
712 2457 764 2520 mi.
793 2454 915 2521 Verum
935 2457 1103 2541 aliquanto
1123 2455 1302 2520 consultius

152 2579 273 2628 noram
287 2561 376 2626 viem
390 2561 474 2626 banc
487 2561 576 2625 ineas
594 2564 632 2624 ut
646 2565 775 2626 servato
794 2579 864 2628 Hoc
883 2562 934 2627 vel
953 2579 996 2626 nn
1011 2595 1019 2611 ·
1033 2583 1184 2625 ranem
1199 2595 1206 2610 ·
1220 2578 1302 2624 rnn-

153 2685 238 2734 nrrn
267 2668 319 2734 vel
344 2685 388 2732 su
403 2702 410 2717 ·
426 2689 610 2740 orsiesis·
625 2685 734 2733 nomn
762 2667 813 2732 vel
836 2685 958 2731 niem
971 2701 979 2717 ·
994 2689 1056 2732 ss·
1072 2684 1197 2731 cuorus
1228 2689 1300 2750 pro-

153 2795 267 2858 ponas.
284 2773 395 2840 'Nihil
413 2774 449 2840 in
467 2776 684 2840 monumentis
703 2773 938 2859 sepulcralibus
957 2773 1158 2858 frequentius
1181 2773 1301 2838 talibus

154 2883 265 2966 qualia
287 2881 369 2946 haec
393 2885 481 2946 sunt:
503 2883 545 2946 da
558 2883 739 2964 quietemque
757 2881 831 2964 lepis
847 2881 937 2962 flens
957 2880 1054 2946 Antb.
1065 2881 1159 2966 1244,
1176 2881 1303 2964 quisque

153 2988 227 3072 lepis
244 2989 348 3057 dolens
367 2989 462 3070 1164,
484 2989 539 3071 qsn'
562 2989 635 3072 lepis
756 2989 918 3054 baimam
938 2989 1016 3069 fatis
1038 2989 1080 3052 du
1098 2989 1303 3071 qeinitnmqne

153 3098 229 3162 meis
254 3095 350 3178 1340,
373 3095 519 3160 lacrimas
540 3100 569 3160 et
588 3097 645 3178 piu
666 3099 736 3160 notu
758 3095 827 3160 date
848 3094 943 3177 1387,
969 3113 1070 3158 nonne
1092 3095 1188 3178 iqimr
1211 3095 1302 3160 tector

154 3201 319 3268 lacrimes?
346 3201 439 3266 1352.
475 3199 588 3286 Neque
612 3222 688 3266 vero
712 3201 859 3286 exempla
882 3200 998 3266 desunt
1020 3221 1102 3286 quse
1121 3200 1154 3265 in
1173 3206 1299 3268 eontra·

153 3311 235 3375 riam
258 3313 387 3394 partem
406 3306 546 3390 valeant,
569 3310 607 3372 nt
625 3305 745 3371 ibidem
762 3307 862 3372 1341:
885 3305 1056 3372 Desinite
1082 3307 1172 3386 licetne,
1195 3315 1301 3390 questu

154 3417 310 3483 mnaseas
325 3415 463 3498 fundere,
486 3413 524 3480 Si
541 3415 576 3478 in
588 3415 654 3478 citu
671 3415 807 3479 intuendo
824 3434 861 3479 aa
881 3414 1030 3496 oolisptuti
1046 3414 1097 3494 fui
1112 3414 1210 3498 Vobis,
1232 3418 1299 3481 ciro

153 3528 242 3605 utqsoe
264 3522 376 3586 amicis
397 3521 537 3602 nobsqne
558 3520 699 3585 omnibns
728 3519 788 3606 (sic
813 3519 899 3585 enim
922 3519 1003 3584 heec
1025 3541 1097 3584 curn
1122 3517 1299 3587 Schradero

154 3627 411 3694 reconcinnsnde
433 3624 593 3714 fuerunt);
616 3625 701 3692 idem
719 3627 818 3692 1344:
842 3625 904 3692 Sed
924 3628 1071 3710 qnoniam
1093 3628 1185 3692 mniti
1208 3629 1300 3693 ianm

152 3755 269 3802 sonere
290 3735 438 3818 dolorosa,
465 3733 530 3800 Nec
551 3735 716 3816 qnisqsmm
742 3733 794 3798 leti
819 3735 937 3800 uincere
963 3735 1027 3798 nim
1043 3735 1162 3816 potnit:
1190 3733 1299 3800 Desi-

153 3843 228 3908 nite
249 3842 420 3907 mindun
437 3841 538 3906 dulces
555 3861 603 3906 me
619 3841 692 3922 fiere
703 3845 857 3924 parentes,
880 3841 1052 3908 Desinite
1074 3845 1102 3905 et
1116 3841 1179 3921 soti
1196 3839 1299 3906 tristia

153 3950 225 4014 iura
241 3949 347 4032 queri·
370 3947 422 4012 vel
442 3947 523 4012 satis
543 3946 669 4012 vitiosis
689 3947 834 4012 versibus
853 3946 1005 4012 carminis
1028 3947 1125 4012 1421:
1151 3947 1299 4031 Tempern

153 4057 217 4120 mm
235 4055 358 4138 qenitor
386 4055 538 4132 11111111,
571 4060 662 4136 tuque
688 4056 805 4136 optineo
831 4059 930 4119 mater
951 4053 1090 4119 Desine
1116 4055 1182 4119 ‘inm
1209 4055 1298 4136 fiere:

147 4181 281 4243 promam
302 4179 367 4224 non
388 4161 485 4226 sentio
507 4162 631 4238 mortis·
655 4159 762 4226 Poena
782 4162 847 4242 fnit
868 4161 945 4244 cim,
968 4161 1086 4243 requies
1108 4161 1187 4226 mibi
1203 4168 1299 4228 niorte

146 4274 264 4351 perata
286 4271 339 4333 est
371 4265 417 4331 nt
439 4266 524 4350 apud
537 4265 696 4332 Orellium
713 4267 815 4333 4829:
839 4267 977 4332 Desine
998 4268 1064 4332 mm
1086 4272 1185 4333 mater
1207 4269 1297 4334 luot-

151 4379 210 4444 mis
232 4393 381 4442 revincere
397 4374 563 4456 querellas:
587 4374 730 4458 Namque
747 4374 833 4440 dolor
852 4375 924 4440 tulis
941 4393 1005 4438 non
1023 4375 1078 4440 tibi
1090 4376 1215 4458 contiqit
1231 4377 1297 4442 nni.

150 4481 250 4549 Vides
274 4481 333 4546 ubi
356 4480 501 4546 desinere
523 4481 629 4547 luctus
652 4482 796 4566 iubetur,
824 4485 943 4546 certem
972 4503 1119 4548 caussam
1148 4483 1297 4548 inusitati
