3246 5082
702 1251 824 1337 XIII.

345 1430 398 1514 Do
424 1429 529 1512 idem
559 1431 685 1514 isdem
711 1435 957 1538 pronominis
984 1433 1176 1540 formis.*)

705 1663 811 1670 ———

278 1815 370 1892 Quod
401 1839 465 1883 uon
498 1819 668 1904 indignum
701 1841 770 1886 sese
802 1822 962 1887 maximus
989 1821 1210 1886 Romanorum
1240 1790 1332 1906 (pace
1347 1839 1384 1879 111

182 1927 367 1989 ceterorum
392 1923 513 1989 dictum
537 1924 702 2010 volumus)
727 1925 761 1993 C.
784 1925 908 1992 Iulius
932 1925 1075 1992 Caesar
1097 1927 1202 2012 duxit,
1225 1928 1332 2012 apices

182 2032 367 2116 scripturae
395 2032 506 2096 rimari
535 2035 568 2097 et
595 2032 859 2099 declinandorum
887 2035 1117 2101 vocabulorum
1140 2036 1332 2100 varietatem

182 2139 341 2222 scrutari,
363 2139 396 2204 id
415 2140 568 2224 quoniam
590 2141 693 2206 multo
709 2141 819 2207 minus
838 2141 1047 2208 inhonestum
1065 2142 1161 2208 nobis
1181 2146 1239 2226 est,
1263 2141 1331 2226 qui·

182 2247 249 2310 bus
268 2249 302 2310 et
319 2248 471 2331 aquibus
488 2247 567 2313 haec
581 2250 796 2328 προτρεπτικὰ
812 2248 950 2315 eduntur
968 2253 1000 2314 et
1019 2247 1059 2314 ad
1079 2255 1262 2315 accuratam
1280 2250 1332 2314 lit

183 2357 331 2417 terarum
349 2356 578 2420 tractationem
601 2356 824 2440 invitamenta,
846 2378 912 2422 non
935 2357 1077 2422 alienum
1101 2357 1142 2422 ab
1167 2378 1204 2421 eo
1225 2356 1331 2420 officio

183 2459 371 2544 putavimus
389 2463 622 2546 grammaticas
637 2462 898 2546 quaestiunculas
913 2467 1078 2547 pertexere
1096 2463 1260 2547 inquibus
1275 2463 1331 2526 ali-

184 2567 337 2651 quotiens
353 2568 472 2633 versati
487 2591 606 2634 sumus.
634 2567 673 2632 ln
687 2590 750 2653 quo
765 2590 881 2654 genere
896 2591 968 2634 cum
983 2571 1048 2634 alia
1062 2571 1166 2634 multa
1178 2569 1234 2635 ille
1253 2569 1332 2652 ipse,

169 2696 208 2738 ·a
232 2673 321 2738 cuius
343 2673 522 2740 honorifica
545 2674 709 2740 mentione
732 2676 837 2741 exorsi
861 2699 985 2760 sumus,
1013 2676 1096 2740 scitu
1120 2676 1219 2761 digna
1241 2697 1332 2759 prae

186 2781 274 2864 cepit
297 2782 343 2846 eis
367 2781 460 2847 libris
484 2804 565 2867 quos
589 2782 628 2846 de
652 2783 805 2868 analogia
828 2781 874 2847 ‘iu
898 2783 1039 2848 transitu
1060 2781 1206 2867 Alpium'
1235 2781 1332 2847 ‘scru-

186 2887 426 2973 pulosissimos'
450 2889 590 2974 scripsit,
613 2892 684 2953 tum
707 2889 746 2954 de
769 2889 868 2955 idem
892 2890 1093 2974 pronominis
1118 2889 1331 2956 declinatione

187 2995 311 3081 aliquid
334 2995 486 3082 prodidit,
509 2997 595 3082 quod
620 2997 714 3083 quale
738 2999 865 3064 sitnon
884 2999 965 3063 satis
983 2999 1116 3082 planum
1136 2999 1174 3062 fit
1190 2995 1332 3063 Charisii

188 3125 218 3186 p.
238 3103 280 3168 86
303 3103 365 3168 hoc
392 3104 594 3170 testimonio:
625 3105 659 3170 is
684 3083 773 3170 horno
800 3107 893 3170 idem
924 3107 1122 3189 compositum
1147 3107 1232 3186 facit.
1269 3106 1333 3170 uisi
1460 3141 1464 3153 ·

187 3212 263 3292 quau
285 3209 401 3276 caasa
423 3211 500 3277 libro
522 3214 651 3278 amando
673 3214 873 3296 simpuluou'ter
895 3215 1000 3292 idem,
1023 3214 1190 3296 pluraliter
1219 3214 1332 3278 isdem

187 3318 349 3384 uiuendum
375 3321 544 3402 coufirmat.
588 3321 642 3384 sed
667 3321 847 3385 caecam
878 3319 932 3385 hoc
963 3341 1026 3385 noo
1058 3325 1169 3385 semlai.
1213 3318 1252 3383 In
1279 3317 1331 3382 his

189 3425 274 3490 enim
298 3425 405 3490 verbis
429 3425 506 3511 quid
523 3427 588 3492 uisi
604 3427 680 3508 quia
702 3425 881 3510 particulae
905 3426 968 3490 sibi
991 3426 1093 3490 velint
1114 3446 1248 3509 prorsus
1266 3447 1332 3490 non

187 3533 390 3617 perspicitur,
419 3533 446 3598 si
468 3531 551 3596 nihil
576 3532 662 3597 aliud
687 3530 808 3597 Caesar
834 3530 944 3597 docuit
970 3532 1034 3595 nisi
1058 3531 1143 3616 quod
1167 3533 1330 3596 communi

187 3661 248 3704 usu
271 3643 436 3725 receptum
463 3639 533 3724 ipse
561 3639 730 3723 praemisit
757 3639 1003 3724 grammaticus,
1035 3639 1231 3724 singularem
1262 3639 1332 3703 fieri

187 3745 296 3810 idem.
342 3747 410 3812 Aut
440 3747 542 3832 igitur
569 3745 668 3810 aliam
700 3746 857 3831 singulari
890 3745 1029 3810 formam
1057 3743 1176 3812 Caesar
1203 3740 1333 3829 tribuit,

188 3855 245 3917 aut
269 3851 357 3917 aliud
380 3853 504 3918 dixerat
526 3857 600 3918 ante
620 3851 795 3919 Charisius.
834 3853 879 3918 Et
901 3853 985 3918 hauc
1009 3853 1137 3938 quidem
1160 3852 1248 3916 viam
1271 3873 1331 3916 nos

187 3981 293 4043 nuper
328 3959 468 4045 ingressi
504 3959 538 4024 iu
572 3957 714 4024 Monum.
748 3959 849 4044 epigr.
881 3959 986 4024 tribus
1018 3981 1048 4042 p.
1075 3959 1114 4024 19
1139 3981 1185 4044 sq.
1217 3961 1345 4045 [supra

188 4089 218 4152 p.
231 4067 293 4132 138
304 4069 364 4152 sq.]
379 4088 445 4132 nou
459 4065 659 4152 singularem
673 4069 811 4150 tantum,
825 4064 881 4131 sed
895 4065 1054 4150 pluralem
1069 4087 1194 4150 quoqne
1214 4067 1254 4130 ab
1273 4065 1330 4130 illo

277 4241 303 4312 i²)
322 4241 510 4315 [Prooemium
535 4240 637 4296 Indicis
660 4240 818 4296 scholarum
841 4241 1020 4296 hibernarum
1040 4239 1227 4295 Bonnensium
1245 4257 1330 4296 auno-

187 4351 248 4386 rum
259 4329 470 4388 GlOlOGCOLV
480 4333 510 4387 et
519 4331 592 4399 LVI;
610 4330 713 4386 iterum
726 4329 755 4384 in
769 4329 914 4400 publicum
928 4327 1059 4384 emissum
1073 4328 1102 4382 in
1110 4323 1331 4385 ‘prooemiorum

188 4419 377 4476 Bonnensium
395 4419 511 4476 decade’
532 4438 558 4474 n.
578 4419 616 4474 IV
635 4437 698 4474 cum
717 4417 843 4474 auctario
863 4417 893 4471 iu
910 4415 1097 4487 praefation03
1125 4417 1159 4472 ci.
1180 4435 1252 4487 quae
1271 4418 1330 4475 Rit-

190 4507 310 4566 schelius
328 4509 397 4564 Mus.
414 4509 499 4564 [then.
519 4511 539 4567 t.
554 4509 618 4566 XIV
637 4527 663 4581 p.
684 4513 736 4565 380
755 4507 818 4562 adn.
837 4505 919 4574 (inira
937 4523 964 4561 u.
979 4505 1054 4578 XIV)
1074 4507 1191 4563 addidit.
1229 4507 1257 4563 C.
1273 4507 1330 4580 W.]
