3166 5084
241 371 262 434 2
556 390 779 438 smcmsurvn
804 345 1077 439 xrieam‘mcvu.

241 552 307 594 non
335 531 494 617 hodieque
523 555 560 598 eo
593 533 628 598 in
656 555 773 619 genere
806 535 962 619 reperias,
994 555 1076 618 quae
1105 553 1178 596 cum
1206 531 1388 614 Transalpi·

241 659 356 702 norum
388 639 490 703 aciem
526 641 692 706 oculorum
719 643 876 727 fugerint,
910 640 1123 724 Hyperboreo
1151 638 1388 724 peregrinatori

241 748 413 828 patescant
444 751 573 830 praeter
605 749 889 832 exspectationem.
938 745 1107 812 Eiusmodi
1139 748 1201 828 est,
1239 744 1323 828 quod
1355 744 1389 808 in

242 849 341 916 Vrbis
365 852 566 920 bibliotheca
588 855 727 940 quadam
751 856 892 920 codicem
916 853 1140 939 indagavimus
1166 872 1183 914 e
1207 851 1389 935 disparibus

242 958 368 1024 schedis
406 965 629 1046 compactum,
664 962 781 1046 quibus
819 961 963 1026 eruditus
1001 959 1118 1043 hom0,
1155 958 1321 1022 Romanus
1353 961 1390 1020 ut

245 1065 379 1150 videtur,
403 1067 539 1132 saeculis
563 1067 691 1151 quidem
717 1068 782 1132 nisi
805 1069 948 1133 fallimur
970 1065 1049 1132 XVI
1073 1071 1106 1132 et
1128 1064 1223 1130 XVII
1247 1065 1389 1148 amplam

243 1174 489 1258 inscriptionum
514 1175 697 1260 congeriem
725 1176 891 1241 mandavit
918 1175 1038 1258 partim
1061 1173 1269 1259 postmodnm
1292 1171 1390 1236 edita·

244 1303 315 1345 rum
345 1281 466 1365 partim
495 1280 598 1347 adhuc
625 1303 691 1347 non
721 1283 937 1368 cognitarum.
988 1281 1050 1358 Qui
1078 1281 1177 1346 codex
1205 1280 1262 1344 ubi
1289 1280 1391 1343 lateat

243 1391 313 1452 tum
343 1387 578 1454 declarabimus
607 1411 798 1474 omnemque
826 1389 895 1454 eius
922 1388 1064 1454 indolem
1094 1387 1275 1452 accuratius
1300 1407 1390 1452 enar-

245 1495 400 1581 rabimus,
418 1519 492 1562 cum
509 1497 600 1581 ipsas
619 1497 858 1580 inscriptiones,
877 1500 1092 1581 quotcumque
1113 1495 1223 1559 insunt
1241 1493 1392 1574 ineditae,

242 1624 300 1687 per
322 1603 382 1668 has
406 1605 575 1688 praefandi
599 1604 858 1689 opportunitates
882 1598 1159 1689 protulerimus.*)
1195 1601 1303 1686 Atque
1328 1600 1390 1664 uti·

241 1733 315 1776 nam
353 1711 418 1776 iam
455 1712 578 1794 perfrui
614 1712 803 1796 plenissimo
835 1711 894 1776 illo
926 1711 1181 1796 Inscriptionum
1211 1708 1388 1772 latinarum

242 1815 409 1882 Thesauro
437 1817 549 1884 liceret
576 1821 744 1902 tantopere
778 1818 818 1882 ab
842 1818 992 1882 omnibus
1016 1817 1174 1902 expetito,
1202 1815 1292 1880 cuius
1316 1835 1389 1897 pro-

242 1923 337 1988 dendi
366 1946 455 2008 spem
484 1925 703 2009 gratissimam
731 1924 771 1989 ab
803 1923 885 1990 Olao
908 1923 1136 1990 Kellermanno
1159 1921 1255 1988 Danu
1284 1925 1389 1987 osten-

214 2035 345 2096 Itatam
378 2054 467 2097 mors
504 2034 712 2114 praematura
749 2031 941 2116 gravissimi
974 2030 1187 2096 adulescentis
1221 2009 1389 2113 inopinato

242 2138 388 2204 abstulit.
434 2137 575 2203 Difficile
603 2140 653 2201 est
676 2137 781 2222 enim,
810 2141 866 2203 aut
895 2141 931 2202 ut
954 2138 1059 2202 verius
1089 2136 1206 2220 dicam,
1236 2135 1307 2199 fieri
1335 2135 1390 2198 vix

242 2267 280 2308 ac
308 2267 349 2310 ne
378 2245 432 2310 rix
459 2245 588 2329 quidem
616 2247 740 2328 potest,
768 2247 805 2308 ut
832 2244 900 2309 sine
929 2244 1048 2309 erroris
1071 2243 1229 2328 periculo,
1258 2243 1390 2326 vulgata

242 2374 342 2417 necne
366 2353 409 2416 sit
432 2351 602 2436 quaepiam
620 2351 799 2436 inscriptio,
822 2351 919 2416 hodie
942 2353 1138 2437 exploretur:
1162 2352 1289 2415 tantum
1313 2368 1389 2412 con-

243 2462 310 2522 stat
332 2463 461 2542 praeter
484 2458 658 2542 ampliores
678 2457 867 2542 easdemque
886 2458 982 2523 facile
1001 2459 1164 2543 parabiles
1184 2455 1389 2522 collectiones

244 2565 460 2651 singularium
492 2564 527 2630 in
558 2564 622 2630 hoc
654 2585 772 2650 genere
799 2564 984 2631 libellorum
1016 2587 1185 2630 numerum
1213 2585 1297 2646 esse,
1334 2561 1390 2646 qui

243 2671 339 2736 simul
368 2676 463 2758 atque
491 2674 526 2738 in
552 2673 658 2737 lucem
686 2677 761 2738 sunt
789 2671 911 2756 emissi,
938 2693 1100 2750 rarescere
1132 2672 1165 2734 in
1189 2671 1260 2752 ipsa
1282 2667 1391 2752 patria

166 2801 170 2808 ·
243 2780 364 2863 solent,
391 2779 432 2844 ad
464 2783 593 2844 nostras
626 2801 701 2845 oras
728 2801 767 2843 ne
795 2778 976 2862 pervadunt
1003 2778 1140 2862 quidem.
1186 2775 1388 2859 Quamquam

243 2907 325 2970 quae
356 2907 443 2950 nunc
476 2907 661 2970 expromere
694 2885 838 2950 animum
871 2884 1068 2967 induximus,
1099 2883 1138 2948 de
1171 2882 1210 2946 iis
1240 2886 1389 2946 nostrum

243 2993 396 3058 iudicium
419 2994 516 3079 longe
540 2994 736 3079 gravissima
760 2993 828 3058 eius
848 2992 909 3057 riri
929 2990 1089 3056 sentemia
1108 2988 1320 3072 confirmarit,
1338 2988 1390 3052 cui

243 3100 367 3184 primas
404 3100 440 3165 in
476 3101 695 3186 epigraphicis
730 3100 849 3164 litteris
887 3096 1050 3163 communi
1088 3117 1200 3161 omnes
1232 3116 1390 3160 consensu

244 3207 407 3290 deferunt,
434 3208 631 3274 nobilissimi
659 3207 866 3290 eiusdemque
893 3203 1120 3268 humanissimi
1149 3201 1287 3268 Comitis
1311 3201 1390 3266 Bar·

244 3315 421 3380 tholomaei
449 3314 622 3400 Borghesi:
656 3314 745 3380 cuius
777 3312 862 3396 quod
891 3310 1030 3376 aureolis
1059 3309 1251 3393 quibusdam
1279 3309 1390 3375 obser-

243 3421 429 3486 vationibus
456 3422 506 3486 uti
538 3421 630 3504 licet,
661 3421 789 3504 insigne
821 3417 937 3482 harum
969 3438 1049 3501 quas
1081 3438 1166 3482 nunc
1198 3417 1389 3482 incubamus

245 3529 558 3594 commentationum
582 3527 678 3592 decus
703 3524 922 3608 deputandum
945 3527 1004 3587 est.

333 3634 583 3718 Inscriptionum
617 3655 633 3696 e
661 3631 807 3695 Romano
840 3629 948 3694 codice
983 3651 1002 3693 a
1033 3629 1129 3694 nobis
1156 3630 1390 3714 descriptarum

245 3763 304 3806 sua
331 3747 448 3826 sponte
475 3738 675 3823 intellegitur
702 3737 784 3800 alias
813 3737 886 3802 aliis
914 3737 1194 3803 memorabiliores
1222 3758 1301 3802 esse.
1345 3736 1391 3801 Et

246 3848 365 3913 eximia
383 3847 512 3933 quidem
531 3848 659 3929 praeter
677 3847 800 3908 ceteras
819 3865 885 3908 una
903 3847 954 3907 est
967 3865 1068 3929 eaque
1083 3844 1226 3909 omnium
1239 3843 1390 3928 maxima,

246 3967 327 4040 qua‘e
355 3977 428 4020 cum
453 3973 612 4020 summam
641 3951 823 4036 argumenti
847 3950 1073 4037 cognationem
1096 3951 1217 4016 habeat
1239 3972 1312 4016 eum
1335 3950 1390 4015 do·

245 4063 388 4129 nationis
405 4063 619 4127 instrumento
635 4057 760 4126 Statiae
778 4059 888 4125 Irenes
903 4054 968 4144 (ap.
987 4056 1161 4124 Gruterum
1179 4080 1210 4142 p.
1232 4058 1327 4142 1081,
1348 4055 1391 4143 1),

318 4242 344 4304 ¹²)
364 4237 544 4310 [asservatur
566 4233 595 4290 in
618 4233 792 4293 bibliotheca
809 4231 1005 4290 Vallicelliana
1023 4231 1136 4288 notatus
1155 4231 1187 4287 R.
1206 4239 1249 4288 26.
1268 4231 1331 4302 fot,
1354 4233 1390 4290 cf.

245 4327 381 4382 Huschke
399 4326 417 4381 l.
436 4325 454 4380 i.
475 4343 496 4381 s.
515 4343 542 4395 p.
562 4331 586 4380 2.
602 4325 735 4380 Continet
752 4325 880 4380 ille—ut
897 4342 970 4379 nunc
989 4321 1264 4378 constat-rohedas
1278 4321 1389 4376 Ioannis

246 4415 383 4470 Zaratinii
397 4413 553 4470 Castellinii
567 4414 725 4480 Ferentini,
740 4415 774 4470 de
789 4431 843 4485 qno
857 4414 922 4469 vide
936 4411 1150 4468 Tiraboschium
1163 4409 1237 4468 Βίαν.
1247 4411 1301 4467 lert.
1314 4409 1390 4478 VII,

247 4512 260 4560 1
276 4521 303 4578 p.
318 4509 371 4562 228
386 4507 415 4560 et
428 4505 587 4560 Heraenum
603 4504 633 4560 in
647 4503 739 4560 indIce
754 4505 898 4560 auctorum
910 4501 939 4558 0.
954 4501 974 4555 Ι.
990 4501 1021 4556 L.
1036 4501 1083 4571 VI,
1099 4506 1112 4554 1
1128 4517 1156 4571 p.
1170 4499 1267 4554 LVIII.
1296 4498 1388 4572 C.W.]
