3282 5076
289 357 353 422 206
436 375 584 424 Tlrvnvs
609 377 798 424 COLVMNAE
822 376 1027 425 ROSTRATAE
1050 375 1286 423 nvunnlsura.

288 517 475 582 recentioris
507 520 750 584 consuetudinis
782 519 877 584 testis
910 519 1100 582 certissima.
1150 517 1285 581 Accedit
1315 515 1435 578 iterata

289 619 382 686 OVM
415 624 586 709 scriptura,
614 647 671 709 pro
702 647 766 710 qua
795 625 911 690 merito
940 623 1065 702 QVOM
1093 627 1267 707 exspectes.
1312 621 1433 686 Verum

288 729 431 813 graviori
455 731 553 795 etiam
578 732 748 798 offensioni
771 755 810 797 ea
833 737 908 798 sunt
931 754 1013 818 quae
1030 753 1096 796 uon
1116 739 1199 795 sunt.
1234 728 1367 794 Nullum
1388 728 1434 792 ΑΙ

288 835 484 922 diphthongi
508 839 682 924 vestigium
706 861 765 923 pro
786 839 845 904 ΑΕ
864 841 1002 924 positae:
1025 839 1149 902 nullum
1168 836 1364 902 sociaturum
1381 833 1434 898 XS

288 941 487 1008 litterarum:
520 945 644 1009 nullum
676 949 752 1011 ante
785 944 807 1010 S
840 967 1031 1030 suppressae
1062 943 1093 1009 N
1123 945 1253 1008 litterae
1284 939 1433 1028 (OOSOL

289 1047 669 1138 OARTAGINlusasp
701 1053 805 1118 rarior
833 1073 909 1118 usus
932 1051 979 1115 ΕΙ
1008 1050 1199 1134 scripturae,
1228 1051 1307 1114 item
1330 1047 1358 1112 Ε
1382 1049 1435 1112 lit

288 1160 377 1220 terae
399 1179 459 1242 pro
483 1157 499 1221 Ι
521 1159 554 1223 in
578 1159 795 1225 declinatione
819 1161 1002 1224 nominum:
1027 1180 1067 1222 nc
1091 1159 1284 1224 omissurum
1304 1155 1338 1220 M
1361 1159 1394 1222 et
1413 1153 1435 1220 S

288 1265 434 1330 finalium
457 1267 585 1350 quidem
611 1267 792 1353 exemplum
816 1269 933 1333 ullum:
963 1267 1064 1332 nimia
1087 1266 1232 1350 omnino,
1263 1265 1291 1329 si
1315 1287 1334 1328 a
1357 1285 1434 1348 pau·

289 1373 428 1438 cissimis
446 1373 640 1451 discesseris
663 1397 721 1458 pro
741 1397 831 1440 more
851 1374 1027 1439 vetustiore
1047 1372 1263 1457 aequabilitas
1285 1371 1436 1436 similiter

289 1479 533 1545 formandorum
556 1481 721 1547 similium.
754 1479 877 1546 Contra
900 1503 981 1566 quae
1004 1503 1069 1545 non
1093 1481 1230 1544 multum
1249 1479 1329 1543 illud
1347 1479 1435 1542 valet

289 1585 377 1669 quod
403 1591 489 1652 reete
517 1611 594 1654 sane
627 1589 799 1673 pristinam
826 1610 843 1654 s
869 1589 1011 1653 litteram
1040 1585 1286 1652 TRIRESMOS
1319 1589 1436 1668 servat,

289 1695 436 1778 quamvis
459 1695 613 1761 insolenti
637 1696 852 1762 declinatione
875 1697 1027 1761 nominis.
1068 1695 1118 1760 Ex
1141 1693 1192 1758 his
1218 1694 1317 1778 igitur
1335 1693 1436 1758 omni-

289 1800 350 1866 bus
374 1823 571 1888 consequens
595 1803 750 1869 essehoc
775 1804 937 1888 volumus,
960 1808 997 1868 ut
1019 1802 1118 1887 prisci
1142 1800 1301 1866 sermonis
1324 1823 1435 1864 vemm

289 1912 322 1972 et
341 1909 502 1974 sincerum
525 1912 747 1976 testimonium
766 1935 804 1976 ex
825 1911 887 1976 hac
906 1911 1117 1994 inscriptione
1136 1913 1206 1974 tota
1225 1908 1349 1973 nullum
1368 1906 1433 1990 pet'

290 2001 386 2099 posse
410 2017 626 2102 intellegatur.

379 2121 530 2188 Ceterum
557 2125 589 2189 in
619 2124 745 2189 adiecta
774 2125 849 2190 huic
878 2124 1044 2210 prooemio
1072 2123 1185 2187 tabula
1214 2144 1279 2188 non
1303 2143 1435 2206 prorsus

256 2247 278 2290 v
293 2229 392 2294 talem
415 2231 502 2296 hunc
520 2233 652 2296 titulum
672 2231 888 2317 exhibuimus,
911 2213 1039 2317 ¹qualem
1059 2231 1136 2294 olim
1155 2229 1435 2295 commentationis

291 2335 341 2401 ‘de
369 2339 578 2422 inscriptione
610 2361 691 2424 quae
723 2338 826 2403 fertur
854 2340 1021 2404 columnae
1050 2341 1209 2402 rostratae
1232 2335 1436 2402 Duellianae'

290 2447 471 2530 particulae
498 2446 621 2530 primae
652 2447 813 2512 iunximus
836 2445 969 2512 Bonnae
993 2450 1026 2510 et
1048 2444 1193 2510 Berolini
1216 2445 1322 2508 editae
1351 2465 1435 2508 anno
1490 2495 1495 2502 .

294 2555 387 2638 1852,
411 2554 467 2620 sed
490 2553 622 2620 Henriei
645 2553 782 2620 Brunnii
810 2555 914 2620 nostri
938 2554 1064 2645 monitu
1093 2556 1125 2617 et
1148 2573 1307 2616 marmore
1330 2551 1435 2616 denuo

291 2660 437 2746 inspecto
464 2641 653 2727 identidem'
667 2659 921 2746 emendatum.*)
970 2659 1061 2725 Vnde
1084 2663 1117 2723 et
1140 2659 1328 2742 planissime
1351 2679 1436 2722 nunc

290 2771 324 2832 et
346 2769 525 2834 certissime
544 2791 699 2853 apparere
718 2773 879 2852 putamus,
902 2789 984 2852 quae
1003 2770 1112 2851 partes
1131 2765 1344 2830 multifariam
1363 2787 1436 2829 cum

290 2873 523 2958 repraesentati
547 2880 616 2940 tum
640 2876 781 2959 suppleti
804 2875 892 2940 tituli
916 2896 953 2938 ex
978 2873 1173 2957 antiquitate
1195 2871 1341 2955 proditae
1360 2872 1436 2954 sint,

291 3002 373 3065 quae
406 3003 516 3046 recens
549 2981 742 3045 accesserint
770 2981 855 3044 circa
883 2979 1001 3043 saeculi
1029 2976 1125 3042 XVII
1158 2977 1259 3042 initia.
1310 2976 1436 3060 Quippe

290 3088 419 3151 novicia
442 3091 589 3171 estpars
614 3087 760 3171 superior
783 3084 873 3151 ANO
892 3089 925 3148 et
943 3083 1002 3148 DE
1024 3089 1056 3149 at
1074 3083 1135 3148 NE
1159 3084 1344 3148 litterarum
1367 3107 1395 3148 v.
1418 3085 1433 3146 1

291 3197 325 3257 et
347 3195 381 3278 2,
413 3198 484 3260 tota
507 3193 529 3258 S
552 3195 621 3259 ui
646 3197 803 3258 extremo:
836 3191 866 3256 A
890 3195 961 3256 tota
989 3214 1054 3255 una
1083 3213 1155 3255 cum
1178 3190 1347 3274 particulis
1370 3190 1436 3274 qui·

278 3301 428 3365 ⁸busdam
452 3299 510 3366 ΟΝ
534 3301 718 3366 litterarum
741 3301 805 3364 v.3
825 3303 858 3364 et
871 3299 906 3362 4:
929 3320 1028 3383 prope
1046 3303 1118 3362 tota
1136 3296 1162 3360 L
1186 3319 1257 3360 cum
1277 3296 1336 3361 ΟΒ
1356 3297 1435 3362 totis

291 3429 319 3472 v.
343 3409 395 3472 10:
424 3409 559 3474 inferior
581 3431 656 3493 pars
680 3407 726 3471 ID
742 3443 749 3457 ·
765 3405 849 3471 PVO
876 3407 1058 3470 litterarum
1083 3403 1194 3468 eodem
1225 3427 1253 3468 v.
1277 3408 1435 3472 extremo:

291 3515 442 3579 dimidiae
464 3513 558 3580 NAV
587 3537 660 3580 cum
683 3513 710 3576 E
734 3535 836 3598 prope
863 3516 935 3577 tota
962 3513 1106 3596 totisque
1134 3509 1173 3575 IS
1197 3509 1308 3576 OEPE
1338 3533 1365 3576 v.
1388 3513 1435 3576 ll.

291 3619 359 3686 Nec
381 3621 455 3704 plus
474 3621 508 3685 in
527 3622 661 3686 effossae
680 3620 811 3684 tabulae
831 3619 881 3682 vel
901 3641 1053 3702 suprema
1071 3617 1122 3682 vel
1141 3617 1252 3682 dextra
1271 3617 1320 3681 vel
1339 3618 1436 3702 longe

292 3729 465 3793 maximam
488 3731 613 3812 partem
637 3727 736 3792 etiam
765 3727 897 3790 sinistra
920 3725 1066 3809 margine
1089 3747 1242 3808 umquam
1272 3723 1436 3788 exstitisse

292 3836 506 3900 certissimum
530 3839 593 3918 est,
617 3835 764 3919 quamvis
788 3833 948 3896 diversam
970 3832 1005 3896 in
1024 3835 1149 3916 partem
1169 3831 1348 3895 editoribus
1368 3829 1435 3913 qui-

292 3944 427 4009 busdam
455 3941 662 4006 testantibus.
713 3940 855 4017 Quorum
891 3939 977 4003 inter
1004 3959 1038 4002 se
1066 3937 1283 4020 discrepantia
1315 3937 1372 4000 aut
1402 3935 1434 3996 in

292 4051 467 4115 fractarum
500 4049 697 4130 litterarum,
734 4069 868 4132 quarum
899 4045 1024 4110 laciniis
1053 4044 1229 4130 aequandis
1257 4064 1322 4106 non
1356 4041 1436 4104 satis

292 4179 351 4240 par
374 4159 460 4220 esset
487 4177 538 4218 ars
565 4153 818 4240 typographica,
850 4153 1091 4217 discriminibus
1119 4155 1279 4232 versatur,
1311 4151 1367 4211 aut
1397 4168 1435 4210 cx

292 4263 447 4327 immixtis
480 4285 538 4326 sua
570 4262 752 4326 coniectura
785 4259 1018 4346 supplementis
1051 4255 1226 4342 repetenda
1258 4259 1317 4318 est.
1362 4253 1436 4318 Vno

394 4373 399 4377 .
412 4371 506 4378 .—-...-.

380 4399 406 4470 ²¹¹)
427 4401 509 4472 [Item
537 4401 685 4455 emendata
708 4403 752 4454 est
774 4401 872 4455 tabula
891 4397 963 4452 XCV
986 4397 1016 4450 in
1040 4399 1069 4451 P.
1088 4398 1117 4452 L.
1137 4397 1173 4451 M.
1196 4395 1240 4460 lb,
1269 4394 1332 4450 vide
1352 4413 1437 4464 supra

292 4507 319 4560 p.
337 4495 386 4544 183
406 4490 469 4543 adu.
489 4491 519 4543 et
538 4491 632 4543 ltuarn
653 4509 678 4559 p.
694 4497 737 4545 8³.
775 4489 804 4544 C.
820 4489 878 4558 W.]
