3216 5082
257 413 306 460 nn
327 409 595 460 oaonrnnrrona
620 409 766 470 qvnonn
790 407 923 456 namna
946 405 1220 456 anconorrrona.
1265 387 1330 452 463

188 577 260 620 cum
284 555 518 621 nominativum
541 555 611 639 ipse
635 553 789 618 vitiosum
812 551 900 636 dicit,
921 555 992 616 tum
1015 550 1160 616 dativum
1181 548 1328 634 profecto

188 661 332 729 Ciceroni
354 685 420 730 non
443 662 615 744 concessit,
647 660 680 724 id
708 659 794 744 quod
822 659 873 724 rel
900 680 938 724 eo
967 659 1048 724 satis
1076 657 1217 723 ostendit
1244 654 1330 740 quod

186 791 226 834 ne
253 771 286 836 iu
314 769 508 836 Lucretiano
542 766 671 853 quidem
704 787 801 831 versu
832 765 890 849 IV,
913 765 976 830 637
1010 765 1206 850 bisyllabam
1239 763 1330 828 aliis

186 876 216 940 h.
236 898 262 940 e.
286 876 359 940 alis
384 875 522 941 formam
546 872 708 938 toleravit.
744 872 793 937 Ac
817 871 855 935 de
878 871 940 938 hoc
962 872 1053 938 litem
1076 895 1161 938 nunc
1179 859 1244 936 non
1263 891 1329 934 mo·

188 982 279 1066 vebo,
295 1001 490 1066 quamquam
509 1001 605 1063 posse
624 978 746 1043 moveri
766 978 884 1042 sentio:
909 999 1019 1042 verum
1038 978 1118 1042 illud
1132 1000 1198 1044 non
1217 977 1330 1042 dubito

186 1088 386 1152 confidenter
404 1085 625 1170 pronuntiare,
646 1085 787 1150 simodo
808 1106 845 1150 ea
864 1083 1046 1168 declinatio,
1069 1106 1151 1168 quae
1170 1084 1233 1148 fnit
1256 1084 1330 1148 alis

187 1193 260 1256 alis
285 1193 339 1258 ali
362 1193 468 1276 alim,
490 1213 549 1276 per
571 1192 715 1276 plurales
740 1213 833 1258 casus
857 1191 935 1256 olim
958 1190 1162 1274 pertinuerit,
1186 1211 1251 1255 non
1275 1213 1331 1274 po-

186 1300 286 1364 tuisse
310 1298 442 1364 omnino
467 1299 549 1363 alias
572 1299 636 1364 nisi
659 1298 718 1364 has
742 1298 864 1364 formas
887 1299 971 1362 fieri:

345 1446 433 1490 nom.
455 1423 530 1489 alis
554 1427 587 1489 et
610 1423 664 1488 ali
687 1421 740 1508 (ut
762 1445 853 1508 ques
878 1423 941 1508 qui
965 1445 1038 1488 cum
1062 1419 1147 1509 sim.)
1344 1431 1372 1470 ²⁰

346 1552 418 1615 gen.
459 1529 575 1595 alium

346 1636 411 1703 dat.
461 1637 589 1702 alibus
613 1640 646 1701 at
669 1637 743 1700 alis
767 1633 982 1722 (atquibus
1006 1632 1104 1721 quis)

346 1767 410 1810 aco.
463 1744 536 1809 alis

187 1867 306 1952 Aliquo
335 1873 444 1934 antem
476 1890 549 1934 cum
581 1869 641 1933 tali
671 1868 886 1934 declinatione
918 1867 1046 1932 vinculo
1079 1867 1166 1933 haud
1194 1869 1262 1934 scio
1289 1893 1331 1934 an

186 1977 257 2059 ipsa
281 1975 428 2040 scaenica
451 1974 605 2060 prosodia
628 1977 839 2042 contineatur.
875 1977 988 2062 Aqua
1011 1975 1242 2041 alienissimam
1261 1999 1331 2042 esse

187 2082 358 2165 syniaesim
386 2087 516 2148 constat
543 2083 666 2149 talibus
695 2083 802 2168 qualia
835 2088 910 2149 sunt
941 2083 1053 2149 filius
1085 2083 1172 2150 lilio
1206 2084 1330 2148 filium

187 2187 267 2252 filii
295 2187 396 2253 filiis
425 2189 533 2255 filios
562 2190 757 2274 adhibitam,
785 2213 883 2274 quam
906 2191 960 2255 diu
984 2190 1113 2275 quidem
1137 2189 1171 2254 in
1195 2189 1331 2254 senariis

187 2295 441 2380 septenariisque
471 2297 538 2361 sive
566 2295 741 2362 trochaicis
775 2297 842 2361 siva
871 2297 1021 2362 iambicis
1047 2301 1146 2383 poeta
1172 2301 1329 2362 versatur:

187 2409 300 2468 contra
323 2402 420 2467 simul
444 2405 541 2486 atque
565 2402 604 2466 ad
628 2402 782 2467 liberiora
805 2407 909 2468 metra
932 2404 1089 2468 transitus
1112 2404 1162 2486 fit,
1190 2402 1231 2466 ad
1255 2425 1331 2466 ana-

187 2509 332 2594 paestioa
354 2507 573 2592 potissimum,
597 2507 770 2572 sedetiam
795 2506 834 2571 ad
854 2507 1038 2572 octonarios
1057 2507 1227 2591 quoslibet,
1249 2507 1331 2573 nibil

187 2635 320 2698 prorsus
348 2611 535 2677 offensionis
563 2611 697 2676 eandem
724 2612 816 2676 illam
847 2613 1012 2678 licentiam
1034 2612 1168 2678 haberer
1201 2613 1239 2678 de
1267 2636 1331 2698 quo

188 2719 379 2802 explicatius
395 2718 461 2784 diui
476 2717 603 2803 Proleg.
617 2715 705 2783 Trin.
722 2740 752 2802 p.
762 2716 844 2783 CLX
856 2741 924 2804 sqq.
943 2717 1110 2805 Museiquc
1123 2719 1225 2786 Rben.
1239 2721 1331 2788 tVll

187 2847 218 2910 p.
237 2825 302 2890 595
323 2825 379 2906 [=
395 2823 511 2911 Opusc.
528 2823 561 2890 ll
578 2847 610 2908 p.
624 2823 703 2906 595]
725 2846 793 2909 sqq.
825 2824 896 2890 Hoc
915 2826 1016 2910 igitur
1034 2827 1142 2911 ipsum
1163 2827 1234 2892 vide
1253 2850 1331 2893 num

187 2953 261 2996 cum
284 2931 395 3017 aliqua
418 2931 523 3017 specie
547 2930 789 3016 probabilitatis
818 2932 1016 2998 coniciamus
1044 2955 1110 2998 non
1137 2932 1234 2998 aliam
1264 2935 1331 2999 vim

187 3059 397 3124 caussamque
421 3036 554 3122 babere,
577 3037 641 3102 nisi
660 3038 745 3122 qnod
769 3039 804 3103 in
823 3039 1030 3105 liberioribus
1049 3040 1162 3106 metris
1182 3045 1332 3126 suscepta

187 3145 331 3232 vulgaris
360 3145 518 3210 sermonis
546 3145 699 3210 libertate
726 3146 991 3230 pronuntiaretur
1018 3147 1103 3212 filis
1131 3147 1197 3213 fili
1229 3149 1331 3214 filim

187 3253 249 3317 fili
281 3253 367 3316 filis
400 3251 494 3317 silis.
540 3251 643 3328 Quam
672 3253 971 3336 pronuntiationem
1002 3277 1079 3320 num
1107 3255 1205 3320 etiarn
1232 3257 1331 3340 scrip·

187 3405 399 3413 ----ι--ι

187 3478 335 3542 francillo
354 3479 390 3534 ab
408 3479 581 3535 Mommseno
604 3480 750 3550 publicato
773 3479 793 3535 1.
812 3480 845 3535 R.
863 3480 897 3537 N.
918 3487 987 3547 4616
1013 3480 1055 3552 [0.
1075 3481 1095 3538 I.
1115 3482 1146 3536 1..
1165 3482 1177 3536 l
1196 3482 1331 3556 n.12'l‘l]‚

188 3567 267 3622 cuius
285 3565 355 3622 haec
373 3567 479 3638 species
499 3569 720 3639 [repraesentata
738 3569 858 3624 nuncin
877 3569 908 3623 P.
927 3570 957 3626 1..
977 3569 1014 3625 M.
1033 3571 1065 3625 Ε.
1084 3571 1140 3626 tab.
1160 3571 1223 3626 LIX
1238 3573 1262 3626 J
1265 3574 1290 3645 ]:

619 3748 725 3815 ALEI
738 3785 746 3799 ·
760 3749 809 3816 IN
823 3784 831 3800 ·
846 3695 1105 4000 vanamne}

618 3873 750 3940 ΜΙΗΕΙ
773 3911 780 3926 ·
805 3873 1013 3941 CONTRA·
1040 3875 1087 3941 RI

189 4066 243 4133 Qui
260 4065 389 4137 quamvis
407 4065 524 4122 mutilus
543 4067 592 4134 sit,
614 4069 709 4123 tamen
728 4071 758 4124 et
775 4069 946 4125 senariorum
969 4088 1025 4126 non
1043 4069 1129 4125 dubia
1146 4069 1285 4140 principia
1302 4072 1331 4126 et

188 4157 366 4213 manifestam
385 4157 459 4212 olias
478 4159 507 4212 et
524 4157 592 4212 mibi
609 4158 806 4227 pronominum
824 4159 1028 4229 oppositionem
1047 4157 1182 4214 ostendit:

417 4245 481 4302 Alci
498 4248 528 4300 tn
546 4245 690 4301 Venariais
727 4285 1088 4305 .........

448 4335 504 4390 ibe'
558 4355 577 4390 n
655 4335 662 4348 ⁶
704 4375 1101 4395 .........

91 4423 97 4432 ’
189 4423 237 4478 nbi
255 4337 514 4496 coneptumllmad
524 4337 716 4482 ἶζνῖηίηο
734 4426 771 4482 ab
784 4425 836 4480 illa
853 4425 961 4482 ratione
979 4426 1067 4482 babet
1084 4443 1168 4496 quam
1184 4445 1246 4484 cum
1260 4429 1331 4486 alibi

190 4513 301 4584 saepius
318 4517 379 4570 tum
398 4533 487 4588 nuper
504 4514 595 4572 Musei
608 4516 697 4573 Rhea.
715 4519 736 4572 t
750 4516 815 4572 XIV
834 4535 861 4588 p.
876 4522 925 4571 411
949 4517 1044 4588 [supra
1057 4535 1084 4588 p.
1099 4519 1163 4592 419]
1183 4519 1329 4591 explicavi.
