3116 5066
202 372 350 420 vocamus
375 371 580 420 damnares
605 373 650 418 ur
666 359 705 419 ‘n
729 371 850 420 acerve
875 373 1133 422 oecumenicus.
1191 361 1251 423 161

122 515 235 582 ratione
261 515 427 600 patefacta
450 515 539 580 vides
568 515 682 580 harum
707 515 916 581 difficultates
939 518 1118 584 formarum
1142 541 1253 584 omnes

121 623 314 706 complanari.
369 623 556 707 Eademque
587 624 640 686 via
676 622 763 686 haud
793 623 860 689 scio
892 646 933 688 an
965 625 1034 689 iure
1067 631 1180 692 nostro
1212 625 1253 690 ad

120 729 335 812 expediendam
368 729 593 802 PLOIRVME
627 730 821 813 scripturam
855 735 986 796 utamur
1023 756 1105 817 quae
1137 737 1188 798 est
1219 734 1251 797 in

120 832 266 918 Scipionis
289 835 427 904 Barbati
456 839 476 902 f.
501 839 662 922 sepulcro:
693 860 771 902 nam
799 861 870 903 cum
894 837 1030 904 PLOVS
1058 841 1103 904 sit
1130 841 1163 904 in
1193 837 1251 903 SC.

67 945 72 954 “
119 940 151 1004 de
171 941 255 1028 Baa,
284 943 526 1010 PLOVRVMA
550 945 584 1008 in
609 967 646 1008 eo
671 945 762 1010 cuius
786 945 897 1027 paullo
921 951 996 1008 ante
1019 946 1141 1010 mentio
1164 945 1253 1009 facta

118 1051 347 1134 epigrammate,
377 1051 568 1116 ordiendum
591 1051 719 1116 videtur
747 1073 766 1116 a
790 1051 928 1134 pristina
957 1053 1095 1136 quadam
1112 1053 1251 1134 plovera-

116 1175 173 1220 mos
193 1154 258 1243 (vel
283 1159 385 1222 etiam
409 1142 590 1241 antiquiore
613 1155 817 1240 plooisumos)
840 1157 955 1241 forma,
978 1157 1061 1222 uude
1085 1158 1135 1221 vel
1158 1181 1176 1222 o
1200 1158 1250 1222 vel

20 1297 21 1302 κ
116 1263 263 1330 iextrita
293 1266 343 1329 vel
371 1265 545 1346 ploirccmos
577 1264 670 1328 fieret
698 1265 749 1328 vel
775 1265 963 1345 ploorrcmos.
1008 1263 1099 1330 Neve
1132 1265 1250 1349 asperi-

116 1371 205 1436 tatem
227 1373 413 1438 iunctarum
435 1393 472 1437 or
490 1393 644 1436 sonorum
663 1370 862 1454 reformides,
881 1371 1097 1454 reputandum
1117 1376 1250 1438 estnon

20 1503 21 1532 2
114 1476 330 1544 reformidasse
353 1479 499 1563 linguam
523 1479 629 1561 ipsam
655 1476 811 1541 maiorem
834 1477 959 1542 Maorte
982 1478 1104 1542 formae
1132 1479 1251 1562 asperi-

20 1609 21 1614 *
115 1585 204 1648 tatem
227 1588 359 1650 extrma
377 1589 414 1649 ut
435 1585 598 1650 videturo
621 1585 724 1649 vocali
748 1587 855 1668 natae,
879 1607 960 1669 quae
984 1585 1017 1648 in
1040 1584 1130 1649 Furii
1153 1587 1249 1650 titulo

114 1689 163 1755 illo
185 1690 368 1757 Tusculano
393 1695 508 1757 exstat.
554 1691 669 1776 ltaque
697 1713 755 1756 nec
778 1691 910 1757 Focrc‘os
938 1695 987 1756 est
1011 1691 1096 1776 quod
1120 1713 1250 1776 magno-

113 1815 179 1877 pere
210 1799 339 1880 mirere,
375 1807 435 1863 nec
465 1798 610 1863 Foolve'os
646 1797 766 1861 nimiae
805 1820 875 1862 esse
916 1797 1084 1890 offensioni
1116 1798 1250 1881 patiere.

114 1900 194 1976 Quod
231 1907 288 1989 qui
325 1905 463 1978 taudem,
497 1905 603 1988 possis
637 1904 783 1988 omnino,
821 1926 893 1969 cum
923 1904 958 1968 in
985 1903 1071 1969 haud
1104 1904 1250 1969 suaviore

112 2005 373 2076 NOVNDINVM
411 2010 517 2075 forma
553 2015 784 2076 consonantem
822 2033 892 2076 esse
927 2010 958 2075 V
998 2011 1142 2076 litteram
1177 2013 1250 2096 ipsa

113 2115 187 2180 ratio
212 2116 385 2200 compositi
409 2139 425 2180 e
448 2138 554 2182 novem
578 2122 610 2181 et
633 2119 697 2183 dies
714 2117 864 2183 vocabuli
890 2105 1029 2202 arguat?
1053 2117 1146 2202 Item,
1165 2119 1250 2203 quic·

112 2241 239 2302 quamne
276 2247 348 2288 esse
381 2224 587 2288 manifestius
623 2227 752 2308 potest,
786 2247 883 2309 quam
917 2246 955 2288 ex
984 2226 1131 2290 odiooare
1159 2227 1249 2290 verbi

113 2325 340 2412 frequentativo
361 2333 531 2396 calcatore
549 2329 706 2414 prodiisse
725 2331 904 2395 adiectum?
927 2328 1040 2394 Paullo
1060 2331 1125 2395 alio
1145 2333 1249 2412 modo,

113 2431 271 2517 dupliciter
294 2438 421 2502 mollito
440 2438 686 2502 consonantium
706 2459 872 2521 concursu,
897 2459 934 2500 ex
954 2435 1061 2519 iarbae,
1085 2438 1170 2520 quod
1190 2436 1248 2502 SO.

113 2537 145 2602 de
164 2540 237 2609 Bac.
260 2547 411 2627 testatur,
436 2549 492 2608 aut
513 2543 576 2608 iob-
600 2543 749 2608 relictum
773 2547 824 2606 est
847 2542 933 2625 quod
952 2542 1073 2605 mansit
1096 2541 1131 2604 in
1154 2543 1248 2626 tabee,

20 2631 21 2710 J
113 2650 161 2710 aut
179 2651 242 2714 loo-
266 2650 352 2734 quod
375 2672 447 2715 cum
471 2652 493 2715 d
515 2649 565 2715 vel
588 2671 606 2712 r
629 2649 708 2714 coiit
726 2649 759 2712 iu
783 2649 898 2712 modico
922 2651 955 2710 et
976 2648 1074 2712 locro:
1109 2649 1163 2711 sed
1187 2649 1250 2714 hoc

112 2755 211 2820 tamen
234 2755 420 2820 discrimine
444 2761 489 2840 ut,
513 2778 585 2820 cum
608 2756 675 2820 illic
699 2777 831 2838 prorsus
855 2757 1027 2818 extrusae
1050 2754 1161 2820 littera
1180 2757 1248 2821 nul-

112 2857 170 2923 lum
196 2863 244 2928 sui
267 2863 442 2948 vestigium
466 2862 645 2947 reliquerit,
674 2860 818 2925 eiusdem
850 2859 903 2923 hic
926 2860 1064 2944 iactura,
1090 2864 1124 2925 ut
1152 2883 1247 2946 saepe

112 2963 230 3051 factum,
252 2969 412 3053 producta
434 2969 540 3033 vocali
563 2968 611 3032 ita
633 2970 897 3052 compensaretur
920 2969 957 3029 ut
975 2987 1034 3049 per
1055 2969 1152 3033 r'odr'co
1175 2971 1247 3053 loro,

113 3093 185 3154 quae
205 3099 290 3142 nunc
308 3097 375 3140 non
394 3079 531 3158 exstant,
554 3074 748 3138 transiretur
766 3073 806 3138 ad
825 3074 926 3138 iudico
946 3076 1028 3138 toro:
1052 3096 1246 3159 quamquam

112 3179 182 3245 illud
204 3182 299 3248 facile
323 3182 455 3266 largiar,
479 3181 581 3245 multo
605 3181 695 3264 prius
718 3179 798 3244 haec
821 3201 878 3270 per
900 3201 923 3243 a
944 3182 1155 3263 pronuntiata
1178 3205 1246 3246 esse

113 3306 197 3368 quam
221 3289 318 3354 scribi
342 3287 400 3357 OV
425 3287 565 3352 desitum
590 3290 648 3351 est.
695 3285 776 3352 Cum
800 3289 909 3350 autem
932 3285 1094 3370 duplicem
1114 3289 1246 3353 omniuo

112 3391 141 3454 in
161 3393 276 3460 talibus
300 3397 387 3460 viam
410 3395 525 3478 lingua
547 3393 751 3478 probaverit:
784 3396 840 3457 aut
863 3396 899 3458 ut
921 3393 1066 3458 vocalem
1089 3393 1247 3476 producat

113 3497 184 3562 elisa
210 3501 420 3584 consonanti,
453 3505 511 3566 aut
542 3503 579 3563 ut
610 3499 693 3564 hanc
726 3499 892 3564 adsimilet
923 3499 1104 3582 insequenti
1137 3521 1246 3564 conso·

112 3607 206 3670 nand:
232 3607 322 3672 velut
345 3629 362 3672 e
384 3607 551 3672 red-tatum
575 3609 631 3670 aut
654 3609 704 3670 est
721 3605 853 3669 relatum
876 3603 999 3668 factum
1019 3611 1076 3670 aut
1093 3607 1245 3690 cellutam,

113 3710 167 3774 nisi
189 3713 325 3798 quidem,
348 3717 385 3778 ut
406 3714 441 3778 in
460 3713 556 3795 iribeo,
579 3734 711 3794 prorsus
732 3711 820 3795 prior
839 3731 1020 3775 consonans
1039 3701 1247 3776 intercideict

114 3815 142 3878 in
170 3817 309 3884 reorum:
345 3819 484 3906 cogitari
516 3821 627 3902 potest
656 3819 756 3882 etiam
789 3817 850 3882 hoc
882 3818 951 3880 fieri
984 3818 1127 3900 potuisse
1159 3819 1196 3879 ut
1228 3838 1245 3878 e

108 3924 247 4001 poodlicos
274 3927 325 3993 vel
347 3925 504 4008 povplc'cos
529 3945 596 3990 non
620 3927 749 3988 tantum
774 3923 915 4006 poplicus
936 3923 1081 4004 proelians
1103 3919 1246 4004 publicas

113 4037 308 4098 nascerentur
340 4031 474 4116 expulsa
500 4053 519 4095 v
546 4033 583 4094 ut
609 4031 644 4095 in
676 4029 757 4094 ioteo
787 4029 889 4110 labeo,
922 4028 1114 4110 sedetiam,
1144 4029 1181 4088 ut
1212 4025 1245 4090 in

113 4135 218 4202 leodico
243 4142 341 4223 iouro,
372 4136 646 4222 expulsalabiali
673 4137 784 4200 littera
802 4135 949 4217 poeticus,
973 4133 1034 4198 hoc
1058 4135 1166 4196 autem
1191 4131 1244 4194 ad-

114 4241 273 4311 similando
295 4247 449 4312 transiret
472 4245 508 4308 in
525 4243 659 4326 pollices
671 4244 824 4326 palliaco:
851 4241 916 4306 nisi
938 4243 1047 4304 tamen
1070 4237 1244 4303 verendum

114 4348 210 4414 sitne
233 4353 271 4417 ab
295 4353 388 4418 unius
412 4351 555 4417 Plautini
579 4349 698 4416 codicis
719 4349 864 4434 quamvis
884 4347 1079 4431 praestantis
1097 4345 1160 4410 fide
1178 4367 1244 4410 non
1375 4407 1384 4426 ,

114 4455 186 4519 satis
204 4461 353 4540 praesidii
372 4464 441 4524 tam
460 4457 759 4543 singularissimas
783 4458 933 4538 paratum
952 4454 1004 4518 sit.
1041 4453 1245 4536 Quamquam

162 4578 200 4612 va
219 4577 362 4618 arrscurrnu
382 4580 515 4618 oausam
534 4581 571 4617 ιν.
999 4564 1029 4610 11
