3216 5082
294 385 360 450 464
404 401 451 449 ns
475 401 745 451 nacnruffloun
770 401 917 462 stnsn
941 400 1072 448 carrus
1095 400 1372 450 ancounrrroau.

293 545 382 610 tione
409 546 460 610 vel
489 549 578 610 aetas
602 545 755 610 Plautina
785 545 836 610 vel
864 548 980 631 poetae
1008 543 1205 610 consuetudo
1234 543 1440 628 expresserit,

293 653 326 716 id
351 653 435 738 quod
458 653 537 718 fecit
561 673 638 718 sanc
661 653 841 718 communis
869 674 946 717 usus
974 652 1008 716 in
1032 651 1182 735 genetivo
1206 650 1283 736 fili,
1311 651 1441 716 facilius

294 760 406 844 quaeri
430 783 527 845 quam
550 760 739 845 responderi
762 764 923 843 putamus.
942 796 986 808 -
1005 757 1155 825 Ceterum
1175 759 1215 823 ad
1234 761 1383 824 neutrum
1403 763 1442 824 ut

287 866 437 950 redeam,
465 867 676 932 Bentleianae
704 867 738 932 in
762 865 915 931 Terentio
944 867 1145 931 coniecturae
1174 866 1311 930 alterum
1334 888 1440 930 exem-

293 974 383 1057 plum
406 974 534 1059 neglexi
557 995 689 1057 prorsus
718 973 892 1058 gemellum
921 973 1005 1057 quod
1035 977 1084 1036 est
1112 973 1145 1036 in
1169 971 1315 1056 Hecyrae
1343 994 1441 1038 versu

295 1079 334 1164 V,
359 1083 387 1164 l,
411 1081 468 1145 24:

295 1205 383 1286 llio
408 1223 435 1286 si
455 1223 580 1306 scirem,
605 1221 662 1308 qui
678 1223 807 1287 firmare
826 1223 931 1288 meam
951 1223 1035 1306 apud
1054 1244 1113 1287 uos
1132 1224 1261 1306 possem
1280 1223 1375 1287 fidem
1389 1261 1441 1289 —.

293 1365 346 1430 Ita
369 1365 497 1448 quidem
521 1363 688 1430 Bentleius
711 1388 771 1449 pro
796 1387 834 1430 eo
858 1363 943 1449 quod
965 1369 1016 1429 est
1038 1365 1072 1429 in
1095 1365 1190 1430 libris
1210 1366 1313 1430 Aliud
1332 1367 1362 1430 si
1382 1368 1441 1431 sci·

293 1491 366 1535 rua.
412 1471 627 1554 Transposuit
649 1469 876 1537 Fleckeisenus
899 1471 937 1536 Si
958 1471 1048 1536 aliud
1068 1472 1189 1536 scirem:
1218 1471 1358 1536 dubitari
1382 1495 1441 1556 po-

293 1581 358 1642 test
376 1601 452 1642 num
472 1577 537 1642 alio
556 1578 663 1660 potius
682 1578 840 1644 vocabulo
859 1579 1059 1662 transposito
1077 1581 1175 1662 poeta
1193 1578 1316 1642 dederit
1329 1574 1444 1644 'Aliud

293 1686 322 1748 si
343 1685 463 1763 sciretis,
491 1687 619 1766 firmare
644 1686 699 1768 qui
722 1685 808 1768 ripud
833 1707 888 1750 cos
913 1707 1014 1750 merem
1030 1687 1152 1768 possein
1173 1685 1272 1768 fidens.
1318 1685 1441 1771 Exqui-

295 1791 388 1855 sitius
412 1813 482 1856 esse
505 1813 605 1855 aream
627 1793 713 1874 aprrd
734 1813 789 1857 uos
810 1793 901 1874 fidem
929 1815 994 1856 non
1018 1814 1070 1856 me
1093 1791 1190 1877 fugit:
1221 1794 1277 1857 sed
1300 1794 1442 1876 exquisi-

295 1899 359 1962 tius
385 1899 483 1963 ctiam
507 1900 598 1964 uliud
618 1900 647 1963 si
669 1900 777 1964 scirem
801 1903 851 1963 est
874 1922 971 1984 quam
994 1899 1023 1964 sc'
1045 1899 1134 1964 alind
1153 1901 1270 1964 scirem.

383 2004 556 2070 Praeterea
583 2006 688 2070 tribus
719 2005 827 2070 verbis
857 2006 1001 2089 aperiam
1035 2027 1089 2069 cur
1117 2005 1158 2070 ab
1189 2005 1252 2071 hac
1283 2006 1442 2071 societate

294 2113 351 2176 illa
374 2112 582 2195 seiunxerim‚
605 2134 687 2196 quae
711 2135 774 2176 non
799 2113 896 2176 mirer
920 2113 948 2176 si
972 2112 1013 2176 sd
1037 2113 1169 2177 eandem
1192 2113 1441 2178 similitudinem

295 2219 441 2303 proxime
464 2217 614 2282 accedere
634 2218 767 2283 dixeris:
791 2219 1018 2284 articularis
1042 2219 1308 2302 articularios,
1332 2221 1441 2284 auxi-

244 2321 252 2326 ”
295 2325 407 2390 liaris
448 2324 697 2409 auxiliarius,
743 2325 934 2389 iocularis
976 2317 1205 2410 ioeul'arius,
1248 2324 1442 2410 lapidaris

293 2431 528 2517 lapidarius,
565 2431 725 2497 molaris
759 2431 958 2516 melarius,
995 2413 1181 2517 palmaris
1214 2432 1442 2518 palmarius,

294 2539 508 2624 singularis
546 2539 801 2624 singularius,
846 2538 988 2603 talaris
1030 2539 1211 2624 talarius,
1252 2539 1440 2604 tutelaris

294 2629 517 2726 tutelarios,
554 2646 731 2731 uulgaris
770 2645 985 2731 uulgariua,
1022 2646 1109 2710 etsi
1138 2647 1330 2731 queefortc
1363 2651 1443 2711 sunt

294 2753 423 2818 similis.
469 2753 591 2817 Verum
614 2752 694 2817 haec
723 2753 885 2817 contraria
913 2753 1021 2837 potius
1050 2740 1176 2817 ratione
1199 2753 1261 2817 hac
1284 2758 1442 2838 reguntur

294 2861 394 2946 quod,
418 2882 490 2924 cum
512 2858 677 2944 longiores
701 2859 824 2922 formas
849 2861 938 2922 aetas
963 2859 1128 2943 antiquior
1149 2859 1334 2943 probasset,
1357 2853 1441 2924 'sub-

295 2971 422 3043 secutae
455 2967 584 3030 demum
618 2969 694 3030 sunt
724 2965 898 3030 breviores.
944 2963 1043 3031 Velut
1070 2965 1221 3031 Plautum
1249 2965 1440 3030 Terentium

235 3057 279 3140 'n
296 3073 477 3158 Turpilium
497 3070 654 3137 Catonem
671 3069 813 3135 Novium
833 3071 1004 3136 Afranium
1027 3071 1207 3158 horumque
1228 3071 1440 3158 pedisequum

295 3179 451 3262 Gellium,
474 3178 668 3262 posteriores
693 3179 801 3241 autem
825 3178 1000 3261 scriptores
1023 3179 1129 3243 nullos
1150 3184 1297 3244 auctores
1315 3177 1442 3244 habent

295 3285 562 3368 articularius,
585 3283 784 3368 melarius,
812 3285 1042 3372 palmarius,
1072 3285 1327 3370 singularius,
1354 3287 1440 3350 uul-

294 3389 440 3480 garius:
478 3413 653 3476 paucorum
687 3395 856 3476 utramque
888 3391 1027 3456 formam
1059 3392 1131 3476 ipsa
1162 3392 1226 3457 iam
1260 3392 1440 3476 antiquitas

295 3503 473 3566 adsciverat
495 3505 533 3564 ut
555 3500 770 3565 iocularius
794 3499 982 3564 iocularis
1006 3503 1051 3582 et,
1074 3497 1255 3582 Varronem
1279 3499 1306 3562 si
1330 3499 1363 3564 in
1383 3519 1440 3563 aa·

294 3607 393 3692 liquis
412 3607 574 3698 habueris,
593 3605 823 3691 singularis:
847 3605 1084 3670 auxiliarius
1108 3606 1199 3670 iuxta
1218 3609 1313 3691 atque
1332 3606 1440 3670 auxi-

294 3714 410 3779 liaris
432 3712 539 3777 haesit
563 3712 647 3795 apud
666 3701 871 3796 posteriores,
890 3711 945 3776 sed
961 3709 1093 3776 Plautus
1113 3716 1221 3776 tamen
1241 3733 1339 3776 unum
1357 3711 1439 3776 illud

293 3821 400 3888 novit:
432 3819 558 3884 nullum
582 3821 689 3882 exstat
719 3818 875 3884 eiusmodi
904 3819 1101 3903 exemplum,
1129 3841 1191 3902 quo
1220 3819 1299 3883 olim
1322 3819 1440 3902 proba·

293 3933 361 3994 tam
389 3927 569 3992 breviorem
597 3924 736 3990 formam
765 3925 899 3990 cessisse
927 3925 1127 4010 productiori
1155 3923 1441 4014 demonstretur.*)

382 4157 409 4226 *)
427 4156 507 4212 Nihil
524 4157 580 4212 huc
598 4157 692 4212 valere
711 4153 850 4210 inferioris
869 4154 932 4210 aevi
951 4155 1079 4224 exempla
1097 4154 1239 4226 intellegis
1254 4156 1337 4225 quale
1352 4155 1439 4212 habes

294 4247 562 4302 apocalnsalvs
592 4245 613 4304 I.
638 4247 669 4300 lt.
694 4247 728 4302 N.
755 4251 836 4314 1667,
869 4248 1019 4315 postquam
1046 4261 1097 4314 per
1125 4245 1216 4300 multa
1244 4245 1356 4300 saecula
1383 4263 1441 4300 una

294 4335 536 4389 APOLLINARIS
555 4335 646 4390 forma
664 4335 784 4405 probata
801 4337 851 4392 est.
867 4365 900 4379 —
917 4335 987 4388 Vtor
1001 4333 1054 4388 hae
1067 4334 1212 4389 occasione
1233 4333 1267 4388 ad
1283 4333 1441 4404 supplenda

295 4439 329 4478 cs
342 4439 414 4492 quas
428 4424 463 4477 de
473 4423 642 4478 BARNAES
657 4424 749 4479 forma
762 4423 913 4494 supradixi
928 4429 995 4492 p.12
1007 4423 1093 4494 [cccl
1122 4423 1233 4478 Etenim
1243 4421 1441 4477 Baanaavs

295 4511 460 4566 nominativi
479 4512 572 4566 nescio
592 4513 732 4581 quonrodo
747 4513 848 4568 Latina
866 4513 1057 4584 exemplasse
1075 4512 1208 4582 sugerunt
1227 4513 1246 4569 l.
1262 4511 1294 4566 a.
1310 4511 1344 4566 N.
1358 4517 1440 4567 3674.
