3246 5082
500 397 997 460 nsr1uoavunurrov1ss1u1s.
1254 381 1318 445 285

175 539 310 602 nomina
332 539 492 622 nequior
514 542 675 625 nequius
699 542 869 625 ipsumque
889 539 969 604 adeo
992 538 1170 622 nequitia
1192 537 1319 602 fierent:

175 645 209 709 id
232 645 318 729 quod
341 648 375 708 et
398 644 585 711 destituitur
608 648 774 732 exemplis,
797 652 830 711 et
852 651 967 730 suapte
989 649 1107 710 natura
1126 665 1192 710 non
1211 647 1320 728 potest

175 749 243 816 non
260 752 437 836 permirum
461 753 572 818 videri.
600 753 647 818 Vt
664 760 791 820 taceam
810 752 952 824 indidem
971 751 1096 816 scilicet
1115 753 1318 837 procreatum

175 881 294 924 novum
327 859 509 943 nequiter
541 861 738 926 adverbium.
784 861 897 946 Apage
924 861 1026 946 igitur
1053 857 1255 924 incredibilia
1287 861 1320 921 et

176 971 305 1048 praeter
332 967 559 1032 necessitatem
588 970 726 1048 μονήρηι
761 989 842 1032 neve
870 965 1000 1032 aliunde
1028 965 1137 1031 venire
1160 987 1319 1049 nequam

177 1071 270 1136 crede
293 1071 356 1142 nisi
378 1073 462 1138 unde
486 1077 519 1137 et
546 1073 708 1158 nequior
736 1077 769 1138 et
794 1071 972 1158 nequitia
1000 1077 1033 1137 et
1059 1072 1253 1155 nequiter,
1281 1093 1319 1134 ex

177 1177 326 1242 obsoleto
350 1200 498 1263 nequus
527 1180 577 1244 rel
601 1180 709 1264 potius
731 1202 875 1265 aequos
904 1180 1055 1264 positivo,
1078 1178 1257 1262 composito
1281 1199 1319 1243 ex

176 1307 222 1349 ne
250 1287 283 1348 et
310 1306 468 1369 aequos:
500 1309 634 1370 prorsus
662 1291 699 1352 ut
726 1289 766 1352 ab
796 1287 963 1353 adiectivis
992 1287 1060 1352 suis
1088 1284 1319 1370 promiscam

177 1390 360 1456 bifariam
389 1392 656 1458 multifariam.
695 1393 765 1459 Nec
788 1395 900 1478 dispar,
925 1394 1009 1459 ratio
1037 1395 1088 1457 est
1114 1411 1259 1475 aequos
1288 1393 1321 1452 et

177 1498 332 1582 iniquos
366 1499 541 1564 formarum
574 1503 671 1585 atque
700 1500 816 1565 harum
849 1523 930 1587 quae
964 1505 1039 1565 sunt
1065 1497 1255 1564 nefandus
1288 1500 1321 1559 et

176 1604 373 1689 infandus,
400 1606 555 1670 nescius
583 1607 761 1673 nesciens
789 1607 1009 1694 nescientia¹
1034 1610 1066 1670 et
1088 1604 1234 1670 inscius
1263 1603 1320 1666 in·

177 1711 305 1776 sciens
333 1712 558 1796 inscientia,
586 1713 769 1798 nesapius
793 1711 967 1797 (Petronii)
989 1717 1024 1777 et
1045 1711 1238 1796 insipidus
1266 1710 1321 1773 iu·

177 1817 340 1902 sipiens,
372 1819 584 1902 necopinus
614 1823 647 1884 et
673 1819 871 1903 inopinus:
901 1819 980 1884 item
1010 1819 1078 1884 sive
1105 1839 1224 1902 nepus
1253 1817 1320 1882 sive

176 1925 215 1988 ele
240 1923 395 2010 Scaligeri
418 1923 466 2011 (in
488 1924 573 1990 Fest.
596 1947 627 2010 p.
648 1926 712 1990 164
726 1924 784 2013 Μ.)
808 1926 970 1992 sententia
999 1947 1165 2010 napuras
1194 1927 1227 1988 et
1253 1923 1320 1988 im·

175 2054 307 2116 purus,
339 2031 403 2096 nisi
431 2031 516 2096 forte
545 2032 644 2097 etiam
673 2033 793 2098 rectius
815 2031 1027 2099 Doederlinus
1050 2031 1099 2098 VI
1121 2054 1151 2115 p.
1170 2031 1232 2096 271
1259 2051 1320 2094 ne·

175 2137 263 2222 pius
286 2139 434 2223 correxit,
458 2137 688 2204 conferendum
712 2139 745 2204 id
768 2139 897 2225 quidem
922 2163 995 2206 cum
1019 2139 1169 2224 impius.
1209 2137 1320 2203 Enim-

177 2267 252 2310 vero
277 2245 360 2330 quod
385 2246 425 2310 ad
448 2246 667 2331 significatum
691 2246 818 2330 attinet,
841 2247 902 2312 etsi
925 2253 992 2312 hon
1014 2243 1216 2311 incommode
1236 2243 1321 2310 Doe-

177 2352 320 2418 derlinus
342 2352 418 2418 hinc
441 2353 604 2437 profectus
628 2357 738 2418 estut
764 2376 926 2438 nequam
952 2353 1032 2418 illud
1056 2353 1322 2435 interpretaretur

177 2459 262 2544 quod
289 2459 324 2523 in
351 2459 474 2524 nullam
502 2463 628 2543 partem
658 2459 690 2525 h.
709 2481 735 2525 e.
759 2459 855 2524 ‘nulli
883 2458 946 2524 rei’
976 2462 1075 2542 esset,
1106 2463 1216 2523 tamen
1244 2457 1320 2541 quid

177 2565 313 2651 impedit
340 2565 511 2649 quominus
543 2587 603 2630 nos
633 2563 787 2650 ‘nequam
814 2564 994 2630 hominem’
1024 2587 1097 2629 eum
1125 2563 1321 2647 accipiamus

178 2673 233 2756 qui
264 2672 297 2737 id
325 2673 410 2756 quod
439 2675 489 2738 est
516 2689 655 2756 aequum
688 2695 753 2738 non
785 2675 892 2737 servet
924 2671 1150 2754 observetque,
1184 2689 1321 2753 aequum

176 2780 363 2864 iustumque
395 2778 526 2845 modum
557 2802 623 2846 non
656 2779 797 2864 expleat,
830 2801 904 2844 suas
933 2781 1042 2862 partes
1070 2778 1321 2859 nonexaequet

178 2885 350 2970 officioque
374 2887 562 2954 sustinendo
590 2907 658 2952 non
680 2909 739 2971 par
762 2885 826 2951 sit?
871 2884 966 2950 Vnde
994 2889 1062 2950 tam
1090 2883 1242 2968 proclivis
1271 2887 1322 2948 est

178 2994 219 3058 ad
247 2993 414 3077 vulgarem
446 2993 635 3058 inutilitatis
668 2993 720 3058 rel
749 2996 785 3058 ut
812 3013 927 3078 graece
954 2991 1058 3056 dicam
1089 2995 1148 3056 τοῦ
1181 2991 1322 3074 ἐνδεοῦς,

178 3100 338 3179 ἐλλιποῡε,
362 3101 402 3179 μὴ
425 3099 636 3178 ἐξαρκοῦντος
654 3099 821 3171 notionem
844 3100 1011 3182 transitus,
1035 3102 1071 3163 ut
1093 3097 1145 3162 vel
1168 3098 1214 3162 sic
1237 3119 1321 3162 com-

178 3205 366 3271 modissime
394 3205 538 3288 potuisse
566 3206 747 3290 nequiter
778 3209 811 3270 et
837 3205 1062 3290 frugaliter,
1094 3225 1255 3288 nequam
1289 3208 1322 3268 et

178 3312 282 3397 frugi
319 3312 469 3377 notiones
508 3311 629 3395 opponi
666 3311 886 3396 intellegatur,
927 3311 1016 3376 velut
1052 3309 1136 3392 apud
1168 3309 1321 3374 Plautum

179 3418 333 3484 Pseuduli
360 3440 387 3483 v.
407 3419 486 3484 468:
515 3416 627 3503 ‘Cupis
655 3439 706 3482 me
734 3439 803 3482 esse
831 3439 983 3501 nequam:
1016 3420 1124 3480 tamen
1153 3437 1206 3479 ero
1234 3415 1321 3501 frugi

179 3523 305 3604 bonae?
354 3524 464 3609 Ipsum
497 3527 606 3590 autem
639 3545 779 3608 aequos
816 3523 1010 3589 vocabulum
1041 3521 1202 3586 neminem
1236 3523 1323 3608 fugit

180 3612 277 3717 quam
305 3631 371 3696 late
398 3634 563 3716 patentem
590 3631 656 3696 vim
684 3630 796 3696 eodem
824 3628 940 3695 Plauto
972 3633 1055 3694 teste
1083 3627 1118 3694 in
1146 3631 1322 3694 vetustiore

179 3740 386 3824 potissimum
423 3738 585 3803 latinitate
622 3735 781 3802 habuerit.
831 3735 965 3802 Accedit
996 3734 1080 3818 quod
1113 3733 1235 3799 habent
1267 3736 1322 3819 qui
1336 3763 1362 3803 aa

180 3869 200 3911 a
230 3867 441 3930 ne·aequ0s
474 3845 657 3927 ordiuntur,
688 3866 754 3910 non
775 3843 899 3908 habent
926 3841 981 3927 qui
1010 3864 1029 3906 a
1055 3840 1207 3924 nequis,
1238 3841 1322 3905 unde

178 3952 271 4018 Festi
294 3975 323 4036 p.
344 3953 415 4035 162,
434 3952 477 4018 23
501 3952 644 4036 glossam
669 3949 852 4034 expediant:
876 3947 1087 4034 ‘nequalia
1109 3946 1322 4012 detrimenta?

180 4059 250 4124 Nec
280 4059 365 4124 enim
396 4060 523 4146 aegrius
554 4058 718 4124 credemus
748 4057 996 4142 ne·aequalia
1025 4055 1112 4120 dicta
1140 4073 1209 4116 esse
1239 4056 1322 4118 tam-

180 4189 279 4251 quam
311 4166 549 4251 inaequalia,
581 4188 678 4251 quam
706 4165 957 4250 ne·aequiora
983 4167 1149 4246 tamquam
1178 4159 1322 4246 iniqui·

181 4294 260 4338 ora:
284 4277 329 4356 ut,
352 4272 381 4336 si
403 4270 586 4356 nequalia
612 4270 862 4353 interpretemur
885 4273 1051 4351 tamquam
1078 4266 1323 4354 iniquitates,

179 4397 247 4442 non
269 4379 372 4444 lateat
395 4379 449 4463 qui
472 4377 598 4442 deflecti
625 4399 685 4442 vox
715 4377 756 4441 ad
784 4375 1050 4440 detrimentorum
1078 4373 1245 4439 notionem
1268 4400 1323 4461 po·

179 4485 290 4550 tuerit.
330 4483 438 4550 Vnum
463 4487 565 4548 restat
588 4483 671 4569 quod
700 4487 794 4570 egeat
818 4481 1017 4547 defensione:
1045 4503 1084 4546 ex
1111 4502 1222 4546 ne-ae
1249 4505 1321 4552 con·
