3246 5082
438 395 557 446 ronsrs
583 395 781 446 servanus
805 396 1041 446 smcmnurvu.
1246 381 1311 448 299

165 542 253 621 sant,
284 539 401 626 quibus
428 560 494 606 non
524 540 703 626 perspectis
736 562 802 606 non
833 545 1011 626 potnerrmt
1043 562 1119 607 sane
1149 540 1323 622 ‘carmtud

166 645 322 732 pleraque
344 669 411 712 non
439 667 510 712 esse
532 647 848 731 pedestri.oratione
876 647 965 714 facta
992 648 1102 714 videri.
1149 648 1219 726 Quo
1248 649 1312 713 nisi

164 753 313 818 fallimur
348 753 427 818 illud
465 753 638 820 accedebat
669 754 755 840 quod
786 755 885 820 nimis
917 755 971 820 diu
1007 756 1100 821 nimii
1138 777 1207 821 essa
1238 775 1312 820 con·

166 863 341 924 sueverunt
362 861 397 924 in
419 861 510 945 poesi
534 861 621 926 omni
650 861 798 927 elatine
825 865 921 946 gente
945 862 1158 949 cognatisque
1187 862 1313 948 priscae

164 965 281 1031 Italiae
304 967 419 1032 incolis
443 967 671 1034 abiudicanda:
694 989 776 1053 quos
798 968 925 1054 quidem
939 961 1138 1055 'persuasum
1156 969 1312 1036 habemus

164 1073 307 1138 naturali
331 1074 523 1140 iuvenilium
546 1075 739 1159 populorum
761 1075 903 1160 impulsu
926 1075 1091 1162 ipsiusque
1110 1075 1312 1161 antiquitatis

165 1180 329 1245 communi
356 1181 525 1266 instinctu,
549 1181 644 1247 simul
673 1185 771 1267 atque
799 1203 898 1267 supra
926 1181 1122 1248 cottidianae
1145 1187 1313 1248 consuetu·

165 1287 251 1352 dinis
274 1286 478 1353 ieiunitatem
505 1289 606 1354 animi
634 1289 768 1354 affectus
797 1290 865 1354 sive
893 1289 1039 1374 pavendo
1062 1289 1201 1375 lugendo
1226 1310 1313 1353 exse-

159 1393 285 1459 crando
310 1394 377 1458 sive
401 1394 559 1478 sperando
581 1395 742 1480 precando
766 1395 961 1482 gratulando
986 1396 1054 1462 sive
1071 1395 1233 1462 hortando
1257 1396 1312 1460 ob-

166 1501 356 1586 stringendo
380 1500 553 1568 sanciendo
582 1502 781 1588 aliquantum
811 1509 1009 1590 assurgeret,
1038 1503 1079 1569 ad
1106 1523 1340 1569 numerorums

166 1607 280 1674 modos
313 1607 480 1693 vulgarem
512 1629 692 1674 sermonem
724 1609 876 1675 evexisse.
925 1607 996 1674 Hac
1026 1611 1126 1695 igitur
1158 1613 1191 1674 et
1218 1631 1313 1694 expe-

164 1713 272 1780 riundi
297 1719 329 1780 et
352 1714 568 1780 ratiocinandi
596 1715 650 1780 via
678 1715 764 1780 haud
787 1716 933 1799 paullum
956 1715 1092 1782 fiduciae
1114 1717 1203 1808 qacti
1226 1720 1313 1802 post

168 1841 267 1905 quem
286 1842 352 1887 non
370 1821 520 1906 exiguam
535 1819 759 1888 Satumiorum
775 1843 914 1888 messem
933 1844 1006 1887 cum
1025 1821 1200 1888 eLisianis
1219 1822 1312 1888 libris

166 1932 237 1993 tum
261 1949 299 1992 ex
323 1928 461 1993 aliorum
486 1929 680 2014 scriptorum
704 1929 869 1995 ‘earmina'
897 1930 1148 1996 memorantium
1175 1951 1212 1994 ae
1239 1951 1313 2013 pro·

167 2035 327 2116 dentium,
348 2034 523 2127 ,Macrobii
556 2035 775 2120 potissimum,
812 2037 1009 2102 testimoniis
1043 2035 1192 2120 fecimus,
1224 2035 1313 2101 facili

167 2163 267 2228 opera
285 2143 384 2208 etiam
408 2141 450 2207 M.
465 2143 573 2208 Porcii
596 2142 730 2209 Catonis
753 2144 882 2229 libmm‚
906 2144 971 2228 ‘qua'
995 2145 1159 2227 aceretae
1182 2148 1225 2208 ast
1246 2163 1313 2208 car-

166 2269 236 2314 men
258 2249 295 2314 de
316 2247 464 2314 morabus'
488 2252 571 2314 teste
597 2249 702 2316 Gellio
724 2249 782 2336 XI,
799 2252 830 2335 2,
856 2251 896 2316 ad
919 2250 1004 2316 idem
1027 2271 1128 2338 genus
1151 2250 1313 2334 pertinere

166 2356 394 2422 intelleximus.
430 2355 514 2433 Quid
538 2357 623 2422 enim
647 2357 738 2440 miri,
762 2358 789 2421 si
814 2355 977 2423 Saturniis
1000 2356 1155 2440 versibus,
1178 2377 1314 2440 quorum

167 2485 261 2528 usum
290 2463 370 2528 satis
398 2467 527 2530 constat
556 2464 642 2528 ultra
670 2462 803 2530 Catonis
835 2467 984 2547 tempora
1014 2464 1172 2550 viguisse,
1208 2462 1313 2547 magis

167 2591 265 2654 quam
287 2573 477 2653 perosorum
501 2569 564 2662 sibi
579 2568 808 2636 Graeculorum
833 2569 970 2636 artificio
992 2570 1141 2635 laudator
1159 2569 1215 2634 ille
1233 2574 1314 2668 tem·

167 2677 258 2762 poris
282 2677 346 2742 acti
369 2675 613 2741 delectabatur?
646 2675 717 2752 Qua
739 2679 848 2741 tamen
871 2675 1103 2762 probabilitate
1126 2678 1224 2762 longe
1248 2678 1314 2742 lon-

168 2805 272 2870 geque
295 2783 427 2870 gravior
449 2787 556 2849 certae
584 2784 633 2848 vis
658 2782 944 2850 demonstrationis
972 2785 1042 2850 visa
1065 2788 1128 2868 est,
1156 2805 1251 2869 quam
1275 2804 1314 2848 ex

169 2891 271 2975 ipsius
295 2891 422 2977 legibus
446 2889 678 2975 grammaticae
701 2890 838 2974 petitam
860 2890 968 2975 nullis,
991 2889 1019 2956 si
1042 2890 1139 2958 modo
1161 2891 1315 2975 sapimus,

168 3019 323 3082 umquam
346 2996 484 3082 argutiis
508 2995 677 3082 infringes.
709 2993 794 3062 Nam
816 3000 855 3063 ut
876 3019 975 3064 unam
993 2996 1191 3065 ‘formulam'
1210 3001 1314 3063 metro

168 3125 236 3170 non
264 3104 430 3170 astrictam
458 3125 581 3170 camera
612 3125 682 3169 csse
714 3103 836 3169 dictum
869 3103 1105 3190 aliquantisper
1136 3103 1316 3190 largiamur

169 3211 280 3298 potius
303 3231 401 3294 quam
425 3209 652 3294 concedamus,
681 3214 791 3275 tamen
820 3210 875 3294 qui
898 3211 1014 3277 talium
1037 3211 1217 3277 carminum
1240 3210 1270 3277 b.
1289 3233 1315 3277 e.

170 3317 403 3384 sententiarum
431 3317 482 3382 rel
504 3321 751 3403 praeceptorum
781 3317 994 3403 singularium
1017 3317 1257 3384 multitudinem
1281 3319 1314 3382 in

169 3445 269 3490 unum
292 3445 408 3508 corpus
431 3423 575 3488 vinctam
598 3424 678 3488 item
700 3443 836 3505 wmen,
858 3445 924 3488 non
946 3426 1101 3509 carmina,
1124 3425 1314 3507 inscriptam

170 3552 243 3595 esse
257 3529 365 3596 animo
380 3534 492 3596 nostro
506 3531 726 3615 informemus,
742 3553 854 3596 sanam
864 3531 1024 3596 rationem
1038 3552 1103 3597 non
1112 3531 1216 3617 magis
1232 3553 1315 3597 oom-

170 3637 380 3721 miniscimur,
402 3658 499 3722 quam
520 3639 583 3723 qui,
606 3643 643 3704 ut
657 3638 813 3723 exemplis
827 3641 966 3722 utamur,
989 3637 1123 3704 Publilii
1143 3636 1219 3723 Syri
1238 3636 1315 3704 San

168 3745 273 3812 tentia
296 3745 348 3809 vel
364 3745 473 3825 Γνώμη
493 3743 678 3829 Phoeylidis
701 3745 753 3809 vel
770 3743 938 3810 Plutarchi
952 3744 1160 3827 Ἀπόφθεγμα
1182 3743 1315 3810 inscribi

169 3852 345 3938 potuerint.
376 3852 491 3937 Itaque
514 3853 570 3918 ubi
593 3851 631 3916 de
650 3855 799 3937 poemate
817 3851 861 3919 Μ.
876 3851 1009 3919 Catonis
1034 3875 1135 3938 eoque
1155 3851 1315 3918 Saturniis

169 3959 319 4025 versibus
343 3959 473 4024 condito
497 3959 691 4024 sententiam
710 3963 857 4026 nostram
875 3981 942 4024 non
960 3959 1150 4026 labefactari
1168 3958 1315 4024 codicum

170 4069 248 4132 niss.
270 4065 466 4132 testimoniis
490 4065 709 4152 cognorimus,
732 4088 815 4151 qnae
837 4070 971 4152 rogatus
994 4090 1014 4132 a
1038 4067 1131 4132 nobis
1154 4063 1315 4130 Martinus

170 4171 321 4238 Hertnius
344 4171 522 4236 liberaliter
544 4175 582 4236 ut
605 4171 688 4236 solet
710 4193 819 4237 mense
843 4171 984 4238 Octobre
1007 4173 1083 4238 anni
1107 4186 1316 4238 olomucen

171 4281 211 4346 ad
235 4301 295 4346 nos
318 4279 573 4364 transmittebat,
599 4300 664 4344 non
693 4277 911 4344 dubitavimus
941 4279 1082 4344 eiusdem
1107 4277 1183 4344 anni
1206 4298 1316 4343 mense

171 4387 364 4467 Decembre,
391 4407 464 4452 cum
492 4386 527 4450 in
554 4385 754 4471 epitaphium
781 4384 826 4450 M.
850 4385 942 4450 Atilii
966 4383 1108 4451 Calatini
1136 4385 1315 4470 disputatio

171 4493 355 4578 incidisset,
379 4493 460 4560 haec
482 4491 622 4559 scribere
636 4491 741 4560 Musei
763 4491 876 4580 philol.
899 4491 946 4558 IX
968 4515 999 4580 p.
1019 4493 1037 4557 7
1055 4495 1167 4580 [supra
1180 4493 1316 4576 p.220]:
