3246 5082
941 315 960 326 .
1232 286 1440 365 -ιτ

584 409 632 457 un
655 406 854 456 v1cu1nvavs
877 405 1087 454 nvvnnasms

277 557 334 619 aut
369 553 498 618 dativos
529 552 693 636 plurales
708 547 985 616 lto-RMSOAS
1000 545 1180 614 DEIVAS’

274 662 564 744 interpretemure
588 657 749 723 ‘deivai's
777 657 995 724 corniscais
1002 655 1180 722 ³-oontrac

274 770 340 849 tos,
376 771 433 831 aut
465 765 604 832 fortasse
636 766 734 831 etiam
766 765 946 850 simplicius
979 763 1181 829 accusativos

273 873 483 940 simulacro
507 893 617 938 aarum
639 872 773 938 dearum
795 872 979 956 inscriptos.
1285 803 1374 1016 Θ

362 979 430 1046 Nec
451 1001 537 1058 vero,
561 979 602 1044 ad
624 981 741 1065 pocula
763 985 801 1045 ut
823 979 965 1064 redeam,
987 977 1179 1044 inusitatum

272 1087 372 1152 fuisse
401 1087 473 1153 Lat'
448 1088 527 1152 tmis
560 1109 639 1153 vasa
671 1087 740 1153 deis
769 1087 904 1170 donare,
936 1108 1009 1152 cum
1036 1106 1054 1148 c
1081 1083 1179 1148 titulo

274 1193 414 1277 quodam
447 1192 641 1279 Augustano
678 1194 878 1279 intellegitur
915 1194 971 1278 qui
1007 1197 1058 1257 est
1094 1190 1179 1275 apud
1231 1157 1406 1236 ῖς)

273 1299 356 1365 Grut
342 1304 447 1365 terum
476 1325 506 1385 p.
525 1301 555 1384 5,
574 1303 604 1384 6,
632 1301 717 1386 apud
745 1300 901 1365 Orellium
924 1323 955 1365 n.
977 1299 1061 1364 12v9
1087 1296 1136 1379 [Ο.
1154 1295 1179 1361 Ι.
1291 1297 1400 1348 <9

273 1405 308 1471 L.
327 1405 402 1490 v‚2
420 1430 451 1473 n.
469 1408 585 1489 6829]:
607 1403 1058 1474 Iovi-IVNONossNnu
1074 1404 1085 1489 ΙΙ
1103 1402 1178 1470 ΑΝ-

274 1512 410 1578 ΤΟΝΙΑ
425 1549 431 1562 ·
447 1513 481 1577 M
495 1549 503 1564 ·
518 1513 589 1579 LIB
611 1514 623 1598 ΙΙ
647 1512 914 1580 APHRODISIA
934 1549 940 1562 ·
961 1509 1177 1578 SGYPHOS·

272 1619 310 1684 ΙΙ
327 1620 339 1705 ΙΙ
356 1618 625 1687 VENEREVM·
640 1619 873 1720 spnOVLyM
890 1619 902 1704 ΙΙ
920 1614 1177 1684 DONVMnn-

273 1724 362 1811 DI'P,
385 1731 453 1792 tum
483 1750 520 1794 ex
549 1728 766 1813 antiquissimi
794 1725 960 1794 cuiusdam
983 1726 1070 1790 vasis
1098 1725 1178 1811 figu-

273 1832 330 1898 lini
362 1833 546 1918 fragmento
580 1839 632 1900 sat
664 1833 867 1899 memorabili
903 1839 1004 1916 recte,
1041 1833 1069 1896 si
1102 1831 1178 1917 quid

272 1939 375 2023 vidae,
408 1939 530 2028 conligi
564 1942 693 2026 poterit.
735 1939 828 2017 Quod
860 1939 1078 2026 fragmentum
1106 1959 1177 2004 cum

272 2045 307 2110 in
333 2046 436 2128 ipsius
459 2047 546 2112 Latii
570 2047 730 2132 sepulcro,
753 2047 879 2112 Ardeae
901 2047 1044 2132 quidam,
1075 2067 1178 2130 nuper

273 2175 290 2216 e
318 2140 415 2218 terris
443 2154 596 2219 effossum
624 2175 694 2220 esse
721 2153 882 2219 chricus
905 2153 1069 2220 Brunnius
1097 2152 1177 2216 mibi

273 2259 459 2344 scripsisset
486 2283 595 2326 mense
622 2261 705 2327 Iulio
735 2261 909 2346 superioris
942 2260 1033 2344 anni,
1065 2259 1177 2326 addito

272 2367 494 2451 inscriptionis
532 2369 677 2454 exemplo
714 2368 904 2454 vulgaribus
944 2367 1065 2432 litteris
1102 2389 1176 2433 con-

273 2473 415 2560 signato:
446 2497 504 2540 nec
532 2475 618 2540 enim
647 2474 829 2540 delineandi
857 2474 985 2540 veniam
1008 2496 1027 2540 a
1050 2495 1175 2559 posscs-

272 2603 345 2647 sore
369 2583 536 2666 impetrari
559 2604 667 2667 posse:
699 2605 784 2648 nuno
808 2581 937 2647 demum
960 2581 1078 2646 abhinc
1100 2603 1176 2665 pau-

272 2711 326 2754 cas
355 2689 554 2774 septimanas
583 2690 716 2754 eandem
748 2689 816 2755 vidi
843 2689 876 2753 in
904 2687 1106 2752 transmissis
1135 2685 1176 2751 ad

272 2819 323 2860 me
343 2795 446 2862 Diarii
465 2795 700 2880 (‘Bullettino')
723 2795 799 2860 novi
817 2793 1028 2879 Neapolitani
1050 2793 1125 2876 [vol.
1144 2793 1174 2875 I]

270 2903 419 2987 partibus
443 2903 509 2967 aeri
533 2903 668 2968 incisam
690 2903 725 2967 in
748 2901 861 2966 tabula
875 2899 923 2965 VI
943 2901 1027 2980 [vida
1046 2901 1112 2966 tab.
1126 2899 1175 2964 IX

271 3009 325 3095 fig.
352 3005 459 3094 Η]*),
496 3009 726 3076 commentario
758 3012 870 3072 tamen
901 3007 952 3073 vel
984 3007 1175 3092 interpreta-

272 3115 411 3180 mento'
402 3137 436 3178 111
454 3115 501 3178 cis
519 3113 710 3180 fasciculis
701 3115 804 3200 ipsius
822 3114 931 3198 diarii,
955 3113 1010 3198 qui
1033 3113 1067 3179 in
1086 3135 1175 3178 meas

272 3245 387 3288 manus
411 3225 576 3306 venerunt,
552 3221 709 3287 taddito
732 3221 831 3288 nullo.
837 3221 888 3308 **)
927 3219 1176 3286 assentanea

271 3330 364 3412 haec,
396 3330 436 3394 lit
422 3329 515 3396 ttsris
544 3273 673 3414 qividem
705 3329 746 3394 ad
779 3350 939 3394 summam
969 3350 1011 3393 an
1011 3195 1376 3414 tiquitatisU

272 3438 410 3522 speciem
434 3436 660 3504 conformatis:

342 3630 398 3700 *)[
400 3629 564 3685 Acenratius
581 3629 748 3700 xylographi
767 3631 827 3684 arte
841 3645 1002 3700 expressum
1016 3628 1174 3699 exemplum

271 3718 462 3790 inscriptionis
485 3717 565 3772 dedit
582 3718 752 3774 Ritscbelius
767 3717 863 3773 Enarr.
882 3717 913 3772 P.
928 3719 959 3772 L.
972 3719 1009 3772 Μ.
1024 3717 1055 3773 Ε.
1074 3735 1102 3789 p
1114 3724 1174 3789 101
1269 3653 1397 3876 ξ

158 3867 163 3876 ,
271 3807 346 3877 quod
374 3807 419 3862 bic
447 3806 604 3862 iterandum
633 3807 734 3862 curavi.
787 3807 918 3862 Ceterum
950 3805 1081 3863 cf.c.1.
1106 3806 1137 3862 L.
1161 3807 1173 3863 1

271 3903 373 3955 ures
411 3893 511 3966 ew]

342 3987 384 4055 “l
403 3983 471 4056 [Sed
490 3983 524 4040 ol
543 3983 572 4041 Ρ
591 3983 622 4039 L.
641 3984 678 4040 Μ.
698 3985 728 4040 Ε.
747 3985 844 4041 Euarr.
864 4003 891 4055 p.
908 3991 953 4040 lb.
980 3985 1072 4052 Quod
1090 3985 1173 4056 (frag
1280 3923 1383 4126 Q

271 4075 407 4143 mentum)
425 4071 527 4143 quibus
545 4073 637 4129 verbis
655 4075 841 4145 supplendum
861 4074 910 4142 sit,
928 4075 988 4130 tam
1008 4091 1067 4130 esse
1085 4074 1173 4130 inccr-

270 4168 332 4220 tum
351 4162 433 4217 video
456 4163 489 4216 ut
506 4179 557 4218 nec
576 4180 639 4219 mea
656 4165 768 4220 teneam
791 4164 825 4218 de
848 4163 904 4219 fiet.
884 4161 1024 4234 tlittp.
1042 4169 1076 4218 st
1100 4179 1172 4218 com·

271 4252 404 4308 mandata
431 4267 481 4308 nec
504 4251 692 4310 Garrucciena
718 4253 873 4324 amplectar
897 4253 915 4308 l
940 4269 1001 4307 as.
1030 4251 1174 4323 proposita

271 4361 298 4412 p.
315 4347 374 4398 183.
406 4341 534 4398 Ceterum
553 4343 670 4399 eandem
688 4341 897 4414 inscriptionem
916 4339 991 4396 idem
1010 4340 1174 4396 Ganoceius

271 4431 300 4486 in
319 4431 446 4487 ‹Gralflti
464 4431 498 4487 de
512 4432 644 4503 Pompei»
663 4451 689 4504 p.
704 4439 737 4488 31
757 4431 880 4499 iteravit,
903 4430 951 4486 sed
970 4429 1072 4485 litteris
1090 4430 1173 4500 longe

271 4523 300 4576 et
319 4521 471 4577 minoribus
490 4524 520 4576 ct
538 4521 716 4576 rudioribus?
756 4519 785 4576 C
799 4519 857 4590 W.]
