3246 5082
289 343 355 408 264
511 358 558 405 00
583 353 1209 406 0000000000000000000000100.

289 525 456 587 superesse
484 523 548 586 quo
576 499 662 584 quod
685 499 833 564 volumus
862 498 1114 564 demonstretur:
1142 519 1240 562 unam
1269 500 1303 562 01
1329 497 1434 582 legem

288 614 321 674 et
344 608 503 694 originem
531 607 582 672 vel
610 599 644 671 in
667 607 732 672 eius
759 605 810 670 vel
833 605 868 670 iu
891 605 941 672 ius
968 604 1244 671 conformatorum
1267 592 1435 670 nomin‘um

289 716 459 803 gentilium
485 737 543 800 per
567 714 676 780 omnia
700 713 830 779 saecula
852 712 1056 797 pertinuisse.
1088 711 1127 776 Id
1146 715 1254 776 autem
1274 711 1380 794 ipsum
1399 713 1438 776 ut

289 845 362 890 curn
393 821 597 908 gravissimis
630 819 822 906 quibusdem
859 817 1009 903 partibus
1042 817 1275 903 grammaticae
1313 817 1436 884 latinae

288 929 434 1014 proximo
454 929 584 994 vinculo
599 927 805 992 coniunctum
824 929 888 1008 est,
910 926 958 990 ita
976 924 1039 990 duo
1057 923 1158 1012 hebet
1175 928 1343 1011 tamquam
1361 948 1434 992 con·

289 1037 435 1122 sestaria,
458 1037 575 1121 quibus
599 1035 741 1100 breviter
763 1033 968 1099 enucleandis
998 1033 1095 1097 finem
1123 1032 1199 1098 huic
1221 1033 1435 1118 disputationi

288 1145 415 1212 faciam.
1202 1139 1204 1145 ’

377 1250 426 1315 Ac
448 1249 591 1334 primum
615 1247 745 1333 quidem
769 1269 842 1333 spes
866 1249 917 1312 est
939 1247 1007 1312 fore
1032 1252 1069 1313 01
1090 1248 1241 1314 desinant
1260 1248 1436 1314 numisma-

289 1358 345 1423 tici
370 1355 501 1422 Cassiae
534 1355 642 1441 gentis
669 1376 802 1420 nummo
831 1353 971 1439 quodam
997 1355 1047 1419 uti
1076 1352 1267 1420 cessurus
1298 1354 1437 1420 formam

289 1463 472 1547 exhibente,
504 1484 567 1546 quo
598 1460 644 1526 ΕΙ
674 1461 793 1526 litteris
822 1460 921 1526 etiam
949 1459 1079 1526 brevem
1108 1462 1122 1524 c'
1152 1461 1298 1527 vocalem
1329 1462 1437 1528 notari

242 1615 244 1618 -
290 1571 420 1636 solitam
447 1568 600 1654 probent:
630 1567 716 1651 quod
745 1589 802 1632 our
828 1566 1152 1652 perseverantissime¹
1175 1569 1358 1654 negandum
1380 1569 1437 1633 du·

290 1701 374 1763 cem,
406 1676 539 1762 exposui
571 1673 676 1741 Musei
707 1675 811 1740 nostri
846 1667 1037 1760 philologici
1068 1677 1092 1739 t.
1114 1673 1197 1741 VIII
1229 1698 1260 1759 p.
1284 1676 1348 1742 487
1380 1678 1437 1755 [ε

289 1784 406 1870 0ρο00.
429 1783 463 1850 Π
487 1806 517 1868 p.
536 1783 614 1864 632]
637 1779 742 1868 sqq.*)
790 1779 856 1846 Vbi
880 1781 967 1866 quod
990 1781 1173 1866 exemplum
1197 1781 1357 1866 quoddam
1380 1783 1438 1848 fal·

289 1891 353 1956 laci
377 1891 483 1975 specie
510 1888 673 1974 singulare
701 1891 824 1953 restare
855 1887 1077 1973 significabam
1101 1912 1132 1972 p.
1150 1889 1216 1954 493
1241 1891 1298 1971 [-··
1321 1888 1440 1974 Opusc.

289 1997 322 2061 II
344 2019 375 2081 p.
394 1996 459 2060 643
478 1997 553 2080 sq.],
584 2017 652 2078 non
679 1993 766 2058 aliud
790 1997 885 2078 atque
907 1993 971 2061 hoc
997 1995 1105 2079 ipsum
1128 1996 1204 2080 fuit,
1236 1995 1328 2062 cuius
1356 1995 1439 2061 fides

290 2105 341 2168 est
363 2123 461 2186 penes
484 2099 668 2166 Morellium
693 2099 790 2165 Thes.
813 2099 915 2166 famil.
939 2099 1028 2168 Cass.
1051 2103 1117 2168 tab.
1131 2101 1164 2168 II
1187 2103 1241 2189 fig.
1263 2105 1291 2188 1,
1313 2101 1438 2168 1101010-

289 2209 369 2274 lium
387 2207 498 2274 Doctr.
515 2229 601 2272 num.
619 2205 696 2291 11,5
719 2229 749 2291 p.
764 2207 827 2272 311
853 2210 886 2272 et
904 2208 925 2272 6
943 2230 974 2292 p.
989 2208 1042 2294 25,
1064 2207 1211 2275 Riccium
1232 2207 1318 2275 Mon.
1337 2209 1439 2276 famil.

290 2317 356 2382 tab.
375 2314 440 2380 XII
467 2315 520 2400 fig.
542 2315 591 2380 11.
636 2314 698 2380 Est
720 2317 827 2380 autem
855 2315 1006 2380 denarius
1034 2315 1067 2380 in
1095 2316 1203 2382 antica
1225 2320 1318 2402 parte
1341 2322 1441 2402 caput

290 2421 467 2488 Libertatis
486 2422 667 2488 laureatum
687 2421 860 2488 ostendens
875 2443 948 2488 cum
964 2422 1026 2488 hac
1040 2423 1265 2506 inscriptione:
1288 2421 1439 2490 dolls-

291 2529 360 2594 sul
374 2565 381 2579 ·
396 2528 474 2594 IMP
489 2564 510 2612 ·,
542 2529 576 2594 in
600 2551 714 2596 aversa
736 2550 888 2595 cancrum
915 2529 1071 2596 forficulis
1098 2530 1307 2596 acrostolium
1329 2534 1439 2596 tenen·

290 2641 355 2703 tem
385 2659 457 2702 oum
485 2635 560 2702 hac:
592 2635 647 2702 M·
664 2634 1027 2702 sucumve-Lus.
1073 2619 1176 2712 Quem
1202 2658 1370 2702 nummum
1398 2638 1440 2702 ad

291 2741 488 2808 (1110001000
508 2740 691 2827 Longinum
706 2740 856 2808 Caesaris
879 2741 1119 2808 interfectorem
1142 2744 1272 2828 eiusque
1297 2744 1335 2810 de
1353 2743 1440 2810 Rbo-

291 2850 353 2915 diis
376 2847 546 2914 victoriam
566 2848 643 2914 anni
664 2849 727 2913 712
752 2851 906 2932 spectare,
931 2849 1012 2914 satis
1030 2847 1229 2934 disputatum
1249 2850 1439 2917 00101)Ηο-

291 2956 474 3042 vcrcempio
494 2979 524 3040 p.
544 2957 596 3039 81,
619 2955 787 3042 Eclrhelio‚
809 2954 1053 3042 Borghesioque
1077 2957 1162 3042 apud
1177 2956 1323 3024 lticcium
1341 2981 1372 3044 p.
1387 2958 1439 3023 50.

380 3063 491 3129 Etiam
519 3061 651 3146 grauius
680 3061 820 3128 alterum
853 3067 903 3128 001
930 3063 1016 3147 quod
1044 3085 1082 3128 ex
1110 3063 1272 3148 explicata
1298 3088 1318 3130 a
1344 3065 1440 3134 nobis

216 3201 276 3242 vm
290 3169 458 3236 nominum
481 3167 607 3234 0011000
630 3166 772 3235 discitur.
806 3169 981 3235 Enimvero
1005 3169 1033 3235 si
1053 3170 1094 3235 ab
1113 3171 1180 3236 cius
1196 3169 1302 3238 forma
1315 3173 1439 3238 transi·

290 3282 362 3342 tum
384 3297 455 3341 esse
480 3275 519 3340 ad
542 3277 593 3340 ius
616 3277 738 3339 eertum
762 3279 824 3359 001,
857 3277 930 3360 ipsa
959 3275 1105 3360 profecto
1137 3265 1283 3362 ingenite
1308 3279 1439 3364 lluguae

291 3384 375 3450 ratio
398 3405 464 3448 non
488 3379 622 3448 suadere
651 3382 759 3466 potius
788 3403 884 3468 quam
912 3383 1055 3448 naturali
1083 3383 1220 3468 quadam
1247 3385 1439 3452 necessitate

290 3489 458 3576 postulare
487 3487 622 3573 videtur,
651 3488 731 3554 illud
760 3493 796 3555 01
823 3512 888 3556 non
916 3512 986 3556 0000
1014 3490 1206 3575 simpliciter
1233 3491 1354 3558 factum
1382 3491 1439 3558 sed

291 3621 348 3684 per
371 3595 491 3683 gradus
514 3595 670 3680 quosdam
694 3597 850 3663 credatur.
894 3597 1009 3681 Itaque
1033 3597 1302 3682 quemadmodum
1326 3623 1343 3666 0
1366 3621 1439 3685 pro-

251 3779 256 3786 ,
291 3705 395 3772 ductis
415 3702 525 3767 illius
549 3701 666 3768 istius
690 3704 811 3770 ullius
834 3704 948 3770 unius
971 3703 1100 3770 utrius
1124 3704 1248 3770 totius
1271 3707 1438 3772 01100100

292 3809 452 3896 genetiuis
481 3813 647 3894 correptae
678 3811 803 3877 formae
838 3809 1064 3896 prodieruntt
1093 3811 1163 3876 ini
1192 3834 1360 3898 conversa,
1391 3813 1440 3878 ita

292 3939 426 4003 prorsus
450 3918 701 3982 consentaneum
725 3921 776 3982 001
797 3913 833 3982 in'
851 3916 1021 3984 bominum
1043 3917 1227 3984 nominibus
1251 3920 1292 3984 ab
1310 3921 1376 3986 eius
1397 3919 1439 3986 ud

291 4029 342 4090 100
364 4025 510 4108 linguam
537 4045 595 4108 per
622 4035 673 4090 tus
702 4024 868 4090 transisse.
914 4025 1021 4110 Atque
1045 4025 1093 4090 110
1115 4047 1229 4110 reapse
1252 4026 1438 4110 pronuntia·

291 4137 362 4197 tum
382 4151 453 4196 0000
472 4128 655 4215 aliquando,
676 4129 773 4214 longe
793 4131 987 4216 gravissimo
1005 4131 1197 4198 documento
1216 4131 1251 4198 L.
1268 4129 1440 4220 Scipionis,

292 4237 427 4304 Barbati
451 4235 471 4302 f.
500 4235 642 4322 elogium
670 4235 766 4322 illud,
798 4237 883 4323 quod
916 4243 967 4304 est
999 4239 1143 4304 omnium
1175 4239 1438 4326 antiquissimum

293 4347 529 4534 αξξ-[ᾗ
551 4375 625 4430 hanc
654 4373 772 4430 formam
795 4375 947 4448 explicavit
971 4375 1141 4434 1111001011οε
1165 4378 1266 4448 Opuec.
1290 4379 1316 4433 11
1338 4395 1365 4449 p.
1385 4385 1438 4435 644
