3216 5082
282 388 347 454 468
394 404 441 453 na
464 404 730 455 naoamamona
753 403 900 466 Qvnnau
924 402 1056 452 aaran
1078 401 1350 452 anconorrroaa.

172 613 178 630 ,
282 551 463 637 egregios
487 550 677 632 dicerentur,
702 549 769 614 eive
792 552 921 614 servata
943 549 1055 613 littera
1078 547 1170 612 finali
1194 547 1261 612 sive
1285 545 1428 629 dempta.

281 657 332 722 Ex
357 679 395 722 ea
418 660 534 722 aetate·
554 656 712 742 originem
739 659 909 722 trexerunt
937 656 1080 742 genetivi
1107 653 1312 739 vocativiqne
1336 649 1430 717 Cor·

281 764 360 828 neli
392 763 471 847 fili,
504 762 645 848 genetivi
680 763 848 849 uolgarii
882 763 1045 849 egregii,
1079 761 1218 828 vocativi
1251 759 1429 844 uolgarie

283 871 447 959 egregie.
494 869 606 934 Tertia
632 869 718 934 banc
748 873 839 936 aetas
863 869 1001 954 excepit,
1034 891 1097 954 qua
1125 868 1165 932 ad
1194 867 1428 934 adiectivorum

283 979 464 1064 exemplum
492 977 592 1042 etiam
620 976 827 1041 substantiva
860 975 1189 1058 accommodarentur,
1222 973 1428 1040 Cornelius

281 1086 406 1170 filius,
439 1083 664 1170 genetivorum
692 1084 976 1168 vocativorumque
1008 1082 1132 1148 formae
1161 1104 1226 1147 non
1255 1085 1428 1147 mutarent.

282 1192 313 1256 A
336 1213 399 1275 qua
428 1191 541 1257 licebit
570 1195 719 1275 quartam
751 1191 964 1276 distinguere,
997 1213 1060 1275 qua
1092 1194 1126 1255 et
1158 1189 1324 1255 vocativus
1356 1189 1427 1253 fieri

281 1297 368 1362 filie
396 1297 518 1381 eoepit,
546 1300 580 1363 et
603 1298 650 1362 eis
674 1319 756 1382 quae
779 1298 814 1362 in
841 1283 948 1362 arias
976 1299 1094 1362 exeunt
1116 1296 1256 1361 finitima
1278 1296 1330 1362 vel
1353 1318 1428 1380 pro·

282 1408 393 1469 creata
414 1405 465 1468 vel
488 1405 682 1470 resuscitata
711 1408 787 1468 runt
813 1389 894 1468 ar]
920 1404 1058 1488 syllabis
1081 1404 1256 1468 terminata
1282 1407 1319 1468 ut
1344 1403 1427 1468 uol-

282 1511 387 1597 garis
411 1510 608 1578 iocularis.
656 1510 779 1588 Quodsi
802 1509 886 1576 torte
909 1511 943 1575 in
967 1511 1047 1594 illis,
1076 1511 1192 1595 quibus
1214 1495 1320 1576 a'riTs
1344 1510 1428 1592 finis,

281 1617 347 1682 tale
371 1620 456 1682 esset
479 1617 564 1702 quod
587 1639 690 1702 paene
718 1621 815 1682 exuta
843 1617 994 1682 adieetivi
1020 1623 1139 1684 natura
1168 1618 1201 1683 in
1231 1617 1427 1683 substantivi

247 1771 250 1778 -
281 1725 449 1791 notionem
472 1723 622 1807 abiisset,
645 1724 740 1790 facile
758 1724 958 1809 intellegitur
976 1724 1045 1789 fieri
1063 1725 1210 1809 potuisse
1229 1729 1266 1789 ut
1283 1725 1428 1810 ipsorum

283 1832 560 1898 substantivorum
588 1833 774 1896 vocativum
801 1830 1028 1916 participaret:
1043 1863 1045 1868 ·
1060 1831 1095 1895 in
1122 1830 1206 1895 hanc
1233 1830 1333 1916 igitur
1355 1853 1429 1915 par-

282 1943 349 2003 tem
373 1937 546 2002 manuari
569 1937 857 2022 interpretabimur
881 1959 901 2000 a
924 1936 1083 2002 sermonis
1106 1941 1263 2002 novatore
1289 1935 1429 2002 Laberio

282 2045 427 2130 positum
455 2047 539 2108 teste
563 2042 670 2108 Gellio
693 2041 785 2127 XVI,
806 2044 835 2127 7,
854 2043 883 2108 3.
916 2079 959 2088 —
992 2040 1147 2126 Superest
1174 2047 1211 2108 ut
1238 2042 1276 2106 de
1304 2042 1431 2108 duabus

283 2151 379 2216 rebus
403 2151 528 2216 dicatur
551 2171 624 2215 cum
648 2149 710 2216 hac
733 2149 951 2233 disputatione
975 2149 1083 2234 aliquo
1108 2150 1237 2215 vinculo
1260 2151 1366 2216 nexis:
1390 2149 1431 2215 de

283 2263 456 2344 praecepto
485 2255 663 2342 Nigidiano
697 2255 782 2342 quod
810 2255 851 2322 ad
880 2256 1134 2322 modulationem
1162 2255 1193 2322 h.
1213 2279 1238 2322 e.
1263 2259 1431 2322 accentum

284 2365 400 2432 talium
432 2365 542 2450 qualia
570 2368 646 2430 sunt
669 2364 800 2430 Valeri
828 2364 971 2431 consili
999 2363 1153 2447 pertinet,
1184 2363 1287 2448 deque
1313 2362 1432 2430 Lucilii

283 2471 432 2538 doctrina
459 2493 542 2556 quae
569 2473 603 2538 in
626 2474 648 2538 i·
660 2473 775 2558 pingui
802 2473 855 2537 vel
886 2473 977 2538 tenui
1000 2470 1251 2537 discriminando
1274 2475 1432 2538 versatur.

284 2577 406 2644 Verum
429 2579 509 2644 haec
532 2583 724 2664 argumenta
747 2601 820 2644 cum
840 2578 1031 2662 etamplius
1050 2578 1113 2642 sibi
1133 2579 1275 2662 spatium
1293 2581 1434 2661 poscant

283 2707 343 2750 nec
365 2685 537 2771 quicquam
561 2686 747 2752 detrimenti
769 2689 901 2752 nostrae
921 2685 1163 2751 ratiocinationi
1184 2685 1333 2750 adlatura
1355 2685 1434 2771 sint,

283 2793 361 2858 nolo
385 2791 426 2856 ad
450 2813 488 2856 ea
510 2794 738 2876 pertractanda
759 2816 845 2860 nunc
869 2793 999 2879 quidem
1022 2793 1197 2878 exspatiari
1220 2793 1359 2878 longina.

751 3027 963 3037 ———-

315 3233 316 3238 ’
376 3217 528 3288 ceterum
559 3219 692 3308 cognita
724 3219 786 3289 hae
819 3223 1091 3291 commentatione
1124 3245 1196 3290 eum
1224 3221 1432 3290 doctissimos

287 3329 423 3415 conlega
444 3327 608 3394 Ioannes
633 3327 909 3396 Gildemeister
932 3329 1089 3415 quaedam
1114 3330 1234 3396 similia
1256 3331 1433 3416 eademque

286 3437 441 3522 perutilia
468 3459 507 3502 ex
536 3425 647 3502 aarum
676 3435 861 3522 linguarum
888 3459 974 3521 penu
1001 3437 1216 3522 meminisset,
1247 3461 1267 3502 a
1294 3459 1432 3523 quarum

287 3546 377 3610 aditu
400 3567 468 3610 nos
491 3543 652 3630 philologi
676 3566 746 3610 esse
769 3545 936 3610 interclusi
960 3545 1113 3622 solemus,
1136 3543 1230 3610 facile
1254 3545 1295 3610 ab
1315 3567 1352 3610 eo
1371 3545 1432 3610 im-

286 3651 414 3735 petravi
440 3654 477 3714 ut
507 3651 700 3736 singillatim
727 3653 907 3736 perscripta
940 3651 974 3716 iu
1003 3673 1207 3718 communem
1237 3675 1332 3718 usum
1358 3675 1433 3737 pro-

287 3761 399 3824 meret.
445 3755 533 3826 Sunt¹
552 3761 660 3824 autem
682 3757 763 3824 haec
786 3779 867 3843 quae
890 3757 976 3824 infra
998 3759 1102 3844 posui.

377 3863 602 3936 ‘Psanterin
633 3865 686 3930 filr
713 3867 893 3946 ψαλτήριον
920 3866 964 3931 im
992 3865 1086 3932 Buch
1116 3865 1235 3934 Daniel
1261 3867 1326 3952 111,
1348 3867 1378 3932 5.
1404 3867 1433 3933 7.

291 3973 340 4038 10.
367 3972 416 4039 15.
462 3971 593 4038 Dades
617 3972 709 4038 Buch
738 3973 843 4039 sicher
865 3996 920 4040 um
947 3975 1009 4040 165
1033 3997 1060 4040 a.
1079 3973 1114 4042 0.
1137 3975 1349 4063 geschrieben
1378 3975 1434 4058 ist,

289 4102 326 4144 so
349 4080 393 4145 ist
416 4079 549 4144 hiermit
571 4080 643 4145 eine
666 4080 933 4167 chronologisehe
951 4081 1181 4169 Bestimmung
1203 4083 1357 4168 gegeben,
1380 4081 1433 4146 dic

288 4185 505 4254 vermuthlich
529 4187 725 4273 wenigstens
753 4187 856 4252 hfiher
883 4187 1103 4272 hinaufffihrt,
1131 4189 1180 4254 ala
1203 4189 1255 4254 die
1277 4187 1433 4254 Inschrif-

289 4299 357 4380 ten,
380 4294 445 4360 u'nd
469 4317 526 4359 aus
544 4293 752 4360 Rbmisehem
770 4293 913 4360 llinfluse
936 4295 1029 4360 nicht
1051 4296 1173 4361 erklfirt
1190 4294 1318 4361 werden
1336 4293 1433 4360 kann.

290 4439 332 4448 -
356 4400 508 4466 Nachher
530 4400 629 4465 findet
652 4400 721 4466 sich
741 4399 792 4464 die
810 4401 952 4486 Endung
971 4423 1021 4468 ιον
1040 4402 1088 4467 als
1107 4407 1142 4468 ta
1165 4401 1377 4488 regelmfissig
1398 4399 1434 4466 iu

285 4507 341 4573 dar
365 4505 527 4592 Mischna,
557 4530 581 4570 z.
601 4507 637 4573 B.
661 4509 696 4572 in
719 4508 791 4574 dem
815 4509 998 4575 bekannten
1023 4507 1242 4575 Sanhedrin
1268 4509 1321 4573 fiir
1343 4509 1432 4578 (υνέ-
