3216 5082
279 397 328 446 na
352 394 619 444 nnonrnsrronn
643 395 791 456 QVADAM
813 395 944 445 nsrrnu
966 393 1241 444 aaoounrrroau.
1286 379 1351 444 459

209 540 260 606 vel
279 537 514 606 GAEOELIAE
533 574 540 590 ·
556 575 563 589 ·
578 573 585 590 ·
601 575 608 590 ·
626 535 1054 604 METELLAMRASSI.
1074 575 1116 584 -
1140 535 1229 603 Haec
1252 537 1353 622 igitur

210 647 319 713 omnia
342 649 375 712 et
397 645 536 712 fortasse
560 646 624 710 alia
648 645 761 710 affinia
782 643 993 729 perpendisse
1016 641 1254 710 Mommsenum
1278 665 1352 709 oon·
1465 633 1467 638 ¹

209 757 400 820 sentaneum
423 758 481 839 est,
504 755 560 839 qui
583 753 689 818 tribus
711 773 816 836 nuper
838 752 955 837 verbis,
977 751 1055 837 quid
1078 751 1174 817 huius
1192 751 1240 817 rei
1259 753 1353 830 esset,

208 861 405 947 significauit
428 862 461 927 in
484 882 523 926 eo
546 860 630 925 libro
655 881 751 943 quem
774 858 813 923 de
834 859 973 924 historia
1002 859 1050 923 rei
1071 858 1272 923 nummariae
1291 857 1353 924 Ro·

208 989 379 1034 manorum
401 968 496 1051 plane
519 966 743 1032 admirabilem
762 966 841 1032 fecit
862 989 893 1049 p.
911 965 987 1050 471,
1010 964 1237 1030 observatione
1254 963 1353 1048 longe

207 1073 478 1140 fructuosissima.
523 1072 648 1157 Quippe
677 1073 920 1158 apertissimum
948 1094 1019 1138 esse
1041 1074 1193 1156 putamus
1218 1071 1353 1154 scriptu·

208 1203 281 1248 ram
303 1181 394 1246 illam
417 1203 560 1266 omnem,
589 1181 689 1266 qua'i
711 1181 822 1246 littere
845 1181 978 1246 nomina
1001 1179 1166 1265 gentilicia
1188 1177 1354 1262 finiuntur,

209 1310 247 1354 ex
275 1311 312 1353 es
341 1291 449 1354 aetate
476 1289 606 1374 linguae
638 1286 846 1372 repetendam
875 1308 945 1354 esse
978 1309 1042 1371 qua
1070 1307 1137 1350 non
1165 1284 1266 1349 alius
1299 1285 1354 1348 sed

210 1396 299 1481 alis,
321 1419 388 1461 non
411 1393 570 1461 Clodius
594 1394 650 1460 sed
673 1393 807 1460 clodis
831 1393 991 1458 diceretur
1015 1392 1055 1458 ad
1077 1391 1225 1474 idemque
1249 1411 1353 1455 exem·

208 1503 299 1588 plum
328 1501 507 1568 Cornelis
541 1501 715 1586 Sulpicia
744 1500 913 1567 Caecilia
941 1499 1033 1584 Opis
1066 1498 1203 1564 Mumis
1236 1495 1354 1562 Funis

209 1614 242 1676 et
266 1609 388 1674 similia
411 1609 533 1691 omnia,
564 1630 622 1674 eae
644 1612 753 1674 autem
776 1607 901 1673 formae
923 1629 989 1672 non
1011 1605 1106 1689 plene
1130 1605 1355 1688 scriberentur,

211 1717 267 1782 sed
301 1717 427 1780 abiecta
458 1715 497 1780 de
527 1714 667 1799 pristina
700 1713 928 1779 consuetudine
961 1713 1072 1778 littere
1104 1711 1195 1776 finali
1227 1707 1355 1776 otODI

210 1819 397 1889 CORNELI
421 1817 608 1887 svwlcl:
632 1820 728 1904 plane
751 1823 788 1885 ut
809 1819 971 1904 pleniores
990 1841 1073 1904 quae
1092 1839 1272 1884 successere
1291 1817 1354 1883 for-

210 1951 281 1994 mae
314 1929 454 2012 scriptae
486 1931 563 1992 sunt
590 1924 697 1994 0010
727 1923 923 1994 FbleTIO
951 1924 1172 1994 rnssssnolo
1200 1925 1234 1990 in
1257 1924 1354 1990 Prae-

209 2034 346 2100 nestinis
370 2033 516 2118 aliaeque
539 2034 572 2098 in
597 2034 679 2126 aliis.
718 2033 840 2100 Mansit
862 2037 970 2098 autern
994 2055 1034 2098 ea
1056 2054 1120 2120 qua
1142 2031 1355 2098 adsueverant

210 2141 382 2227 scriptume,
404 2143 578 2226 postquam
600 2127 663 2208 ἧι
688 2127 752 2207 ι-ιιῖ
771 2140 982 2206 substitutum
1006 2143 1068 2224 cst,
1091 2161 1223 2225 prorsus
1243 2139 1355 2206 eadem

209 2249 335 2316 ratione
359 2271 423 2336 qua
446 2247 471 2314 C
494 2249 545 2314 vel
569 2246 647 2314 (lOS
676 2247 728 2314 vel
752 2245 832 2314 SVO
859 2251 955 2313 notas
983 2246 1090 2312 tenuit
1113 2246 1161 2311 vis
1185 2249 1354 2312 consuetu-

210 2357 294 2422 dinis
323 2356 423 2422 etiam
450 2359 525 2440 post
549 2354 651 2422 Gaius
679 2356 781 2421 consol
803 2355 928 2421 Subura
954 2354 1076 2419 formas
1106 2353 1267 2418 communi
1294 2375 1355 2420 usu

211 2467 367 2546 receptas.
414 2461 502 2538 Quae
527 2462 554 2526 si
578 2462 625 2527 ita
648 2467 736 2539 sunt,
767 2465 804 2526 ut
827 2465 903 2526 sunt
926 2459 1080 2545 profecto,
1108 2459 1222 2545 ingens
1247 2460 1355 2525 multi·

211 2568 289 2634 tudo
324 2570 542 2654 exemplorum
581 2569 767 2652 succrescit,
804 2567 921 2651 quibus
958 2565 1149 2651 longissime
1182 2566 1355 2651 aliquando

211 2675 356 2762 patuisse
388 2697 459 2739 eam
487 2675 737 2740 declinationem
766 2673 984 2758 intellegatur,
1016 2673 1106 2737 cuius
1134 2695 1233 2738 unum
1261 2675 1355 2740 vesti·

212 2783 300 2868 gium
323 2785 454 2867 postera
477 2786 568 2848 aetas
591 2781 665 2846 alis
695 2801 873 2865 pronomen
896 2779 997 2846 novit
1044 2778 1201 2846 Servabat
1224 2801 1296 2844 eam
1320 2785 1357 2845 ut

213 2891 279 2955 alia
297 2893 424 2956 vetusta
442 2889 584 2974 plurima
602 2909 708 2953 sermo
727 2886 885 2972 vulgaris:
908 2884 992 2951 unde
1010 2885 1051 2950 ad
1065 2884 1206 2951 Graecos
1224 2887 1357 2952 transiit
1371 2911 1396 2950 ro

212 2998 320 3084 ibique
344 2997 443 3062 etiarn
467 2995 670 3062 constantius
693 2994 839 3080 perstitit
863 3015 959 3079 qnam
981 2994 1066 3059 inter
1083 2993 1173 3078 ipsos
1193 2995 1355 3061 Romanum

211 3103 429 3188 posteriorum
453 3103 665 3168 saeculorum.

300 3209 409 3275 Vnum
442 3212 589 3295 superest
621 3208 706 3294 quod
736 3231 803 3274 non
835 3209 941 3294 possis
974 3232 1039 3276 non
1069 3207 1162 3276 valde
1192 3215 1356 3294 expetere:
1415 3259 1419 3268 .

212 3318 315 3400 ipsius
349 3317 541 3401 antiquioris
575 3317 692 3382 aetatis
722 3317 902 3400 exemplum
929 3315 1024 3400 plene
1056 3315 1174 3381 litteris
1207 3317 1356 3382 omnibus

212 3423 259 3487 ita
286 3423 501 3507 perscriptum
534 3426 570 3487 ut
600 3421 719 3486 saeculi
748 3421 878 3504 septimi
907 3421 1054 3486 exeuntis
1081 3420 1228 3504 Lupiana
1260 3425 1356 3506 atque
1418 3471 1420 3478 Α

212 3529 407 3593 Baldiniana
435 3528 502 3593 illa.
549 3525 611 3592 Sed
639 3527 689 3592 vel
716 3525 792 3591 huic
820 3525 978 3591 desiderio
1006 3527 1092 3591 haud
1121 3527 1187 3592 seio
1211 3549 1253 3592 an
1277 3519 1373 3594 satis*

213 3637 336 3701 lactum
364 3636 420 3719 sit,
451 3637 624 3718 postquam
651 3655 754 3718 nuper
781 3633 909 3698 demum
939 3632 993 3698 hic
1015 3633 1129 3698 titulus
1153 3635 1296 3701 innotuit
1323 3637 1357 3701 in

214 3741 308 3826 cippo
332 3741 495 3806 terminali
518 3740 670 3824 scriptus,
694 3743 839 3824 repertus
859 3761 959 3825 prope
978 3740 1133 3825 oppidum
1153 3739 1235 3825 (sive
1253 3762 1357 3826 pagus

214 3846 278 3935 est)
307 3847 358 3914 eui
385 3845 538 3912 Naaaano
566 3868 698 3930 nomen,
730 3845 816 3910 haud
844 3846 891 3910 ita
918 3847 1030 3931 procul
1057 3846 1163 3912 Roma
1190 3847 1289 3912 situm
1317 3849 1358 3913 ad

213 3957 371 4042 Tiberim,
399 3977 416 4020 e
440 3953 563 4020 Secchii
588 3954 714 4020 schedis
739 3977 759 4018 a
780 3953 947 4038 Raphaele
970 3953 1144 4020 Garrucoio
1173 3953 1357 4037 publicatus

213 4063 247 4130 in
272 4061 475 4129 ‘Bullettino'
498 4061 646 4127 Romano
670 4060 746 4126 anni
773 4061 858 4126 1860
881 4083 911 4144 p.
930 4061 972 4126 97
999 4059 1047 4143 [0.
1070 4061 1095 4126 Ι.
1119 4059 1153 4125 L.
1176 4061 1192 4124 Ι
1215 4083 1246 4126 n.
1261 4061 1357 4142 6331:

555 4164 1005 4233 P·MnNaTES·P·F

632 4273 690 4339 'PR
726 4307 733 4322 ·
770 4270 823 4338 PL

661 4380 692 4448 X
710 4378 740 4445 X
758 4379 789 4446 X

214 4487 286 4555 Hoc
313 4491 400 4558 enim
428 4513 547 4558 nomen
580 4489 665 4576 qnod
698 4510 767 4555 esse
798 4487 886 4554 aliud
917 4486 1027 4554 credes
1060 4486 1123 4553 nisi
1151 4485 1357 4556 Minatius
