3166 5084
387 381 494 430 naeu
519 381 669 430 uramus
694 381 779 430 rans
804 379 1007 430 svruasrss.
1223 363 1265 427 41

135 523 168 588 in
208 545 248 588 ea
279 525 387 604 uerba,
423 525 468 590 eei
499 525 627 590 damnet
663 525 793 608 infectei
829 519 1063 610 reprlrmissum
1097 544 1163 588 non
1198 523 1268 600 erit,

132 627 289 718 iudilcium
329 632 384 698 det
423 633 533 718 itaque
574 633 716 698 iudicare
758 632 883 697 iubeat:
969 628 1073 695 ‘iudex
1113 633 1185 695 estc.
1215 631 1268 712 sci,

133 738 293 828 nntsquanr
314 740 346 805 id
370 740 534 824 iudicium,
554 737 559 826 Ι
580 761 644 825 quo
665 740 702 805 de
724 761 756 803 re
774 739 886 822 aqitur,
908 736 1109 821 factumest,
1132 737 1168 816 Q.
1187 736 1268 803 Lici·

131 844 202 910 nius
222 845 327 912 damni
351 847 482 914 infectei
500 869 538 913 eo
562 847 699 932 nomine,
723 867 787 931 qua
804 846 841 910 dc
861 849 866 926 Ι
885 846 923 930 lic
941 845 1053 930 opiter,
1076 867 1147 910 eam
1166 845 1268 930 stipu-

87 967 116 1015 rs
131 952 292 1039 lationem,
313 979 410 1042 quam
434 956 477 1040 is,
501 956 574 1042 quei
593 953 716 1020 Rornae
739 955 824 1020 inter
847 949 1060 1038 peregreilnoe
1083 952 1133 1018 ius
1157 953 1269 1037 deicct,

132 1060 165 1124 in
195 1060 270 1126 albo
295 1065 498 1148 propositam
529 1063 647 1142 habet,
685 1061 720 1128 L.
759 1060 832 1126 Seio
865 1060 1155 1146 repromeiseissct:
1175 1060 1180 1146 Ι
1200 1063 1269 1126 tum

133 1166 281 1252 quicquid
307 1193 380 1236 eum
409 1170 446 1248 Q.
473 1170 634 1236 Licinium
662 1193 700 1234 cx
730 1191 768 1234 ea
796 1167 1007 1252 stipulatione
1036 1167 1069 1232 L.
1094 1165 1167 1234 Seio
1196 1168 1271 1233 dare

131 1273 229 1340 fecere
253 1274 416 1364 oporltiret
443 1300 481 1342 ex
508 1277 572 1344 fide
598 1279 695 1362 bona,
724 1276 799 1341 dum
823 1275 915 1362 taxat
936 1271 992 1338 HS
1006 1325 1014 1340 .
1028 1325 1036 1340 .
1050 1321 1067 1359 .,
1090 1276 1159 1341 eius
1180 1275 1271 1340 iudea
1344 1315 1347 1322 ι

132 1381 166 1456 Q.
184 1381 340 1450 Licinium
358 1383 395 1450 L.
414 1383 498 1469 Seio,
522 1384 568 1450 sei
587 1408 625 1450 ex
648 1384 775 1450 decreto
793 1384 879 1466 Iluir
900 1381 904 1468 Ι
924 1381 1044 1465 IHluir·
1061 1383 1296 1467 praefectec'uet

132 1484 339 1574 Mutinensis,
376 1491 463 1576 quod
500 1491 569 1556 eius
586 1491 692 1578 ,lluir
720 1489 838 1556 HHuir
869 1487 1096 1578 praefectuslue
1129 1513 1168 1556 ex
1199 1489 1271 1576 lege

131 1593 268 1680 Rubria,
292 1597 379 1662 seiue
407 1597 439 1662 id
466 1597 602 1682 plctcipe
626 1600 739 1664 scitum
761 1601 826 1683 est,
851 1597 1043 1682 decreuerit,
1067 1597 1104 1675 Q.
1126 1596 1271 1663 Licinius

87 1711 117 1759 ³⁰
135 1722 171 1766 eo
191 1699 195 1788 Ι
215 1706 354 1791 nomine,
377 1728 441 1792 qua
464 1705 500 1771 de
521 1727 554 1771 rc
572 1707 683 1790 ayitor,
705 1704 740 1770 L.
759 1703 833 1771 Seio
857 1703 987 1770 damnoi
1009 1703 1141 1770 infectei
1164 1727 1272 1789 repro-

134 1809 263 1876 mittere
278 1811 402 1902 nollnit,
420 1815 635 1879 coadornata:
659 1815 704 1880 sei
730 1835 793 1880 non
811 1818 907 1898 paret,
931 1810 1104 1878 absoluito’:
1150 1814 1207 1877 aut
1225 1811 1272 1877 sci

134 1914 260 1982 damnei
281 1919 412 1985 inlectei
435 1922 514 1986 satis
538 1921 650 1986 datum
672 1943 738 1987 nou
762 1922 833 2006 erit,
853 1921 912 2006 lin
935 1942 973 1986 ee
994 1919 1095 1986 uerba
1117 1918 1272 1984 iudicium

134 2021 200 2089 det:
247 2023 346 2093 ‘iudet
363 2033 435 2094 esto.
457 2029 510 2112 sei,
534 2031 708 2114 antequam
727 2028 760 2092 id
778 2023 942 2112 iudicium,
965 2048 1030 2112 qua
1053 2027 1089 2093 dc
1110 2047 1143 2094 rc
1161 2027 1272 2112 apiae,

138 2127 141 2214 Ι
164 2135 286 2209 caetum
309 2137 367 2218 est,
392 2133 429 2210 Q.
452 2133 595 2200 Licinius
619 2135 747 2200 damnet
770 2133 901 2200 infectei
924 2157 962 2201 eo
985 2134 1128 2218 nomine,
1155 2154 1219 2219 qua
1237 2133 1274 2200 de

135 2255 164 2300 re
185 2239 294 2324 opiter,
317 2261 356 2305 ea
376 2239 380 2328 Ι
402 2240 623 2328 stipulatione,
647 2263 744 2327 quarn
768 2241 810 2326 is,
833 2243 906 2327 quei
929 2241 1052 2309 Romae
1076 2242 1161 2308 inter
1182 2263 1272 2326 pera·

93 2357 120 2406 35
137 2345 241 2428 grinos
262 2348 312 2413 ius
341 2347 460 2432 deicet,
481 2352 486 2430 Ι
506 2349 541 2414 in
571 2348 645 2414 albo
673 2349 876 2434 propositam
899 2349 1011 2434 habet,
1037 2349 1073 2416 L.
1096 2348 1169 2415 Seio
1193 2349 1273 2414 satie

137 2449 283 2520 dedisset:
312 2457 382 2520 tum
405 2457 556 2542 quicquid
575 2477 649 2520 eum
669 2452 675 2543 Ι
695 2455 733 2533 Q.
755 2454 917 2521 Licinium
941 2479 979 2521 ex
1003 2478 1041 2522 ea
1064 2454 1274 2542 stipulatione

137 2555 168 2621 1.
190 2557 261 2626 Seio
284 2562 360 2628 darc
380 2562 481 2628 facere
503 2565 669 2648 oporteret
691 2584 730 2628 ex
753 2563 816 2630 fide
838 2565 931 2648 bona,
954 2564 1029 2629 dum
1046 2567 1181 2649 taccat,
1206 2563 1275 2630 aine

139 2663 222 2732 luda
244 2668 281 2746 Q.
304 2669 446 2754 Licinius
469 2669 504 2738 L.
529 2669 617 2756 Seio,
641 2671 687 2736 sei
715 2692 754 2736 ex
782 2670 911 2736 decreto
934 2670 1020 2754 lIuir
1042 2669 1162 2752 IIlIuir
1184 2691 1274 2755 prae-

137 2770 253 2842 scelciue
275 2773 494 2862 Mutilnensis,
522 2777 607 2863 quod
631 2779 700 2842 eius
728 2777 755 2842 ie
778 2777 863 2842 IIuir
885 2761 1004 2844 IIlIuir
1026 2777 1223 2864 praefecto,
1236 2799 1274 2842 ax

139 2877 203 2966 lege
225 2882 359 2968 Rubria,
381 2881 477 2970 eeilue
501 2883 533 2950 id
557 2885 693 2970 plebeiue
713 2885 827 2950 scitum
846 2889 904 2970 est,
927 2884 1115 2970 decreuerit,
1138 2885 1174 2963 Q.
1192 2884 1275 2950 Lici·

95 2995 122 3044 44
138 2987 205 3055 niue
228 3013 265 3057 eo
287 2991 435 3077 nornine,
458 3013 522 3078 qua
545 2991 581 3058 dc
608 3012 640 3057 rc
670 2992 780 3076 aqitrcr,
800 2992 805 3075 Ι
827 2989 861 3056 L.
886 2989 959 3057 Seio
987 2993 1114 3059 damnei
1142 2991 1274 3058 infectei

138 3096 211 3162 satie
234 3098 309 3163 dare
332 3098 446 3184 noluit,
469 3100 682 3164 condemnato:
706 3099 751 3162 eei
772 3119 835 3164 nco
857 3103 954 3185 paret,
973 3097 1147 3167 absoluitoz’
1198 3098 1274 3164 dum

137 3199 215 3268 lluir
233 3205 239 3290 Ι
257 3201 377 3270 IIIIuir
415 3206 496 3272 iuret
526 3206 673 3272 dotando
706 3203 925 3290 praetentatus
961 3205 998 3272 dc
1025 3228 1064 3273 en
1090 3228 1123 3272 re
1148 3207 1199 3272 ius
1228 3206 1275 3270 ita
1348 3245 1352 3252 -

139 3305 243 3397 deicat,
266 3315 395 3396 curetue
419 3313 487 3378 otei
510 3333 549 3377 ea
571 3309 715 3399 nofmina
742 3314 775 3376 et
798 3311 1009 3396 municipium
1034 3313 1162 3380 colonia
1184 3313 1274 3378 locus

139 3411 169 3478 in
189 3437 225 3484 eo
247 3417 378 3504 iudicio,
401 3417 486 3503 quod
509 3439 548 3482 ex
571 3417 639 3503 ieie,
660 3419 665 3498 Ι
685 3441 768 3504 quae
791 3439 964 3504 prorsume
984 3421 1100 3502 empta
1118 3423 1199 3503 suot,
1224 3441 1274 3484 ac

139 3519 306 3608 cipiantur,
334 3523 542 3605 includentur
569 3524 807 3610 concipiantur,
827 3523 831 3612 Ι
852 3547 934 3610 quae
962 3524 1101 3591 includei
1130 3527 1275 3611 concipei

99 3642 125 3692 cc
141 3629 199 3696 eine
219 3634 288 3699 dolo
312 3633 395 3699 malo
418 3635 584 3718 oporteret
607 3633 788 3722 debetitpe‚
810 3631 928 3718 nequid
948 3629 954 3718 Ι
974 3632 1013 3718 ei,
1036 3633 1110 3719 quei
1133 3633 1169 3699 cle
1187 3655 1226 3698 aa
1244 3655 1276 3699 rc

139 3741 206 3820 aget
231 3735 372 3826 pietatue,
404 3742 566 3826 captionei
599 3741 641 3806 ob
674 3763 743 3806 cam
771 3762 835 3806 rem
865 3745 922 3806 aut
952 3765 990 3808 eo
1018 3741 1150 3807 nomine
1173 3763 1243 3807 essa
1269 3739 1272 3829 Ι

141 3847 245 3922 possit:
275 3849 368 3912 neiue
396 3869 435 3912 aa
461 3847 607 3933 nomina,
635 3871 698 3938 qua
725 3831 761 3912 in
788 3869 898 3913 earum
922 3871 986 3933 qua
1007 3848 1162 3933 formula,
1194 3871 1275 3933 quac

140 3969 226 4034 supro
245 3955 251 4040 Ι
271 3955 403 4038 sareptae
425 3959 595 4041 suotaut
618 3955 745 4021 Mutina
771 3956 806 4020 in
834 3977 871 4020 eo
895 3955 1014 4022 iudicio
1038 3953 1179 4022 includei
1202 3977 1275 4021 oon·

202 4154 235 4204 22
254 4151 407 4218 antequam
487 4153 522 4204 24
540 4165 570 4204 re
656 4155 689 4205 27
710 4151 854 4220 oporteret
937 4152 1019 4204 taxat
1099 4147 1196 4205 lluirei

142 4237 170 4286 28
186 4237 308 4294 lllluirei
398 4238 457 4294 eius
475 4239 499 4294 is
518 4239 588 4294 lluir
678 4245 711 4294 29
730 4239 818 4309 plebei
836 4239 935 4295 scitum
1024 4243 1058 4292 33
1077 4237 1183 4294 lactum

142 4327 177 4377 36.
186 4333 216 4384 37
230 4331 313 4385 tacut
327 4328 435 4398 Hs...,
454 4330 514 4384 eius
567 4335 601 4384 37
617 4327 756 4385 Licinium
810 4328 908 4383 lluirei
926 4327 1050 4382 IlIluirei
1104 4333 1138 4383 38
1152 4329 1274 4398 praelec-

143 4411 210 4472 turue
223 4435 258 4474 ex
312 4423 348 4473 39
366 4417 454 4488 plebei
471 4420 570 4474 scitum
623 4423 656 4474 41
677 4421 810 4488 curetque
865 4423 898 4473 43
918 4417 1079 4488 accipietur,
1097 4415 1275 4474 includantur

187 4511 217 4564 44
236 4507 388 4580 oportebit,
406 4509 510 4579 nequid
563 4517 596 4567 46
616 4527 689 4583 quae
743 4515 777 4566 47
792 4510 910 4581 scriptae
927 4513 999 4580 suot,
1019 4509 1123 4579 scripto
1138 4512 1211 4577 eunt,
1226 4509 1276 4561 aut
