3116 5066
499 409 649 455 rrrvnvs
673 407 873 456 aileranus.
1192 391 1255 455 165

134 571 186 615 non
219 552 284 617 sine
325 553 434 637 aliqua
470 552 612 635 ratione,
653 552 707 617 scd
749 555 856 617 tauron
898 553 1042 636 ipsorum
1085 554 1253 638 poetarum

134 679 243 723 manum
288 681 491 745 nequaquam
536 660 770 746 redintegrent,
816 683 924 725 verum
969 658 1253 745 grammaticorum

32 833 33 862 ἢ
133 761 312 849 disciplinam
347 768 523 851 sequantur
554 765 676 832 liberae
713 766 759 830 rei
791 766 941 850 publicae
973 764 1175 850 temporibus
1207 787 1253 830 re-

32 873 33 918 l
132 873 294 938 certiorem.

202 977 260 1043 Sed
287 1003 346 1045 nee
373 982 409 1045 in
436 980 489 1045 his
516 1002 602 1046 nnnc
629 981 749 1046 morari
779 980 905 1046 animus
936 989 1066 1045 estnec
1088 980 1122 1044 in
1145 1000 1253 1042 rerum

32 1077 33 1082 ’
131 1087 335 1168 explanatione
359 1088 495 1171 versari,
518 1087 726 1172 quantumvis
749 1087 927 1153 notabilem
952 1109 1021 1152 esse
1044 1107 1196 1151 censurae
1219 1085 1253 1149 in

32 1215 33 1220 ¹
131 1190 339 1259 Aletrinatium
363 1195 539 1279 municipio
562 1194 752 1259 memoriam
775 1195 884 1273 seiam.
922 1193 1042 1258 Verum
1063 1193 1147 1277 quod
1166 1191 1252 1255 iden·

32 1329 33 1358 r
131 1297 214 1366 tidem
231 1305 396 1386 tamquam
414 1303 614 1386 praeteriens
634 1299 747 1386 dixi*)‚
764 1322 830 1366 non
848 1301 1026 1385 posteriore
1045 1301 1154 1384 aliquo
1172 1303 1251 1365 tem-

130 1426 194 1488 pore
220 1409 345 1494 septimi
374 1408 495 1474 saeculi
528 1409 635 1492 potius
666 1430 761 1493 quarn
791 1408 875 1472 circa
902 1408 1009 1492 ipsum
1039 1429 1158 1472 annum
1187 1407 1252 1471 620

130 1513 263 1598 scriptum
287 1537 357 1580 esse
380 1515 522 1598 titulum,
545 1514 578 1579 id
597 1513 709 1579 videor
731 1517 800 1578 tam
824 1515 985 1600 probabili
1004 1513 1251 1580 ratiocinatione

128 1623 299 1700 persuadere
328 1643 439 1706 porse,
466 1625 504 1685 ut
530 1620 591 1686 hoo
618 1621 708 1687 velut
734 1621 905 1686 corollario
934 1622 1084 1706 supplere
1112 1641 1250 1704 nuperae

129 1724 346 1810 disputationes
379 1729 612 1794 constituerim.
657 1727 703 1793 Et
734 1751 754 1792 a
788 1729 952 1812 superiore
985 1727 1113 1812 quidem
1145 1729 1251 1792 aetate

131 1841 243 1917 separat
264 1860 337 1902 enm
361 1837 521 1902 vocalium
548 1835 581 1900 in
605 1834 784 1900 VAARVS
814 1839 846 1899 et
875 1833 1040 1900 SEEDES
1065 1833 1251 1918 geminatio,

128 1940 204 2007 cuins
233 1945 355 2008 nullum
390 1946 465 2008 ante
497 1965 617 2008 annum
651 1943 716 2008 620
748 1943 930 2028 exemplum
962 1945 1082 2007 exstat:
1120 1941 1161 2006 ab
1194 1940 1250 2005 ali-

128 2055 231 2128 quanto
259 2050 438 2135 posteriore
466 2071 539 2114 cum
568 2049 633 2114 alia
661 2050 765 2114 multa
789 2071 870 2134 quae
894 2049 1044 2134 deinceps
1068 2071 1251 2134 persequar,

127 2153 261 2223 lemnon
280 2159 519 2244 geminaturam
538 2180 616 2222 usus
635 2157 891 2241 consonantium,
914 2157 999 2242 quod
1019 2177 1119 2242 genus
1139 2156 1249 2240 paullo

127 2259 209 2328 etiam
237 2265 387 2330 subtilius
412 2285 508 2348 quam
533 2263 636 2329 adhuc
659 2263 720 2328 feci
743 2263 877 2329 definire
901 2263 985 2328 licet.
1030 2263 1160 2359 Etenim
1182 2284 1249 2328 non

127 2371 168 2430 est
184 2373 384 2456 geminatum,
408 2372 435 2436 si
459 2370 500 2434 ab
520 2393 584 2435 uno
605 2392 705 2454 eoque
724 2371 882 2455 singulari
902 2371 1048 2455 exemplo
1069 2371 1249 2453 recesseris

127 2476 189 2539 ante
208 2478 362 2564 Ennium3
385 2479 567 2562 promiscue
590 2479 641 2542 vel
664 2477 865 2562 geminatum
888 2477 939 2540 vel
961 2498 1027 2540 non
1050 2477 1249 2562 geminatum

125 2575 188 2644 inde
212 2585 248 2650 ab
280 2607 367 2651 anno
395 2584 523 2649 circiter
550 2585 615 2650 580
638 2585 669 2649 h.
693 2607 718 2650 e.
741 2583 852 2668 paullo
882 2587 1122 2648 ante-mortem
1150 2584 1249 2649 Ennii

127 2685 171 2764 qui
192 2711 209 2753 a
229 2692 290 2758 585
315 2690 433 2756 obiisse
456 2689 661 2775 perhibetur3
686 2689 814 2774 saepius
839 2689 1038 2773 geminatum
1064 2711 1160 2773 quam
1183 2709 1249 2754 non

128 2825 316 2846 ‘'Q——

201 2917 222 2986 *l
235 2919 285 2992 [Cf.
301 2937 385 2991 supra
397 2939 425 2990 p.
438 2926 496 2976 132.
508 2925 568 2974 133.
582 2919 671 2974 Musei
680 2919 769 2974 enen.
783 2921 804 2974 t.
815 2918 879 2973 XlV
889 2918 973 2986 (infra
986 2937 1012 2974 n.
1022 2918 1097 2983 XIV)
1106 2937 1133 2989 p.
1145 2927 1194 2976 381
1207 2940 1247 2990 sq.

127 2999 150 3050 ct
162 3001 186 3058 P.
199 3005 225 3059 b.
238 3009 272 3064 bl.
288 3010 319 3064 E.
335 3009 431 3064 Enarr.
445 3027 473 3080 p.
484 3014 518 3062 46
533 3027 582 3076 sq„
596 3008 645 3063 ubi
659 3009 728 3063 haec
743 3008 855 3080 scripsit
864 3007 1046 3064 Ritsohelius:
1068 3008 1159 3074 ‘Quod
1175 3010 1249 3065 circa

127 3101 212 3148 annum
229 3105 285 3168 620,
304 3099 353 3154 sed
372 3100 467 3153 tamen
485 3099 548 3167 port
566 3097 672 3152 lactum
691 3097 815 3168 (titulum
837 3097 1031 3166 Aletrinatem)
1054 3098 1119 3168 dixi,
1138 3098 1167 3152 id
1186 3118 1247 3170 gra-

128 3175 222 3238 tissimo
238 3205 302 3244 sane
321 3190 487 3258 argumento
507 3186 717 3256 infringeretur,
741 3187 765 3241 si
783 3204 878 3242 rerum
898 3189 972 3242 esset
990 3187 1064 3258 quod
1083 3187 1247 3244 Garmccius

127 3264 257 3332 affirmavit
273 3278 302 3333 in
321 3277 510 3334 ‹Bullettinor›
528 3276 608 3330 ltom.
623 3293 648 3330 a.
670 3282 737 3331 1859
752 3294 779 3346 p.
796 3283 837 3344 61,
856 3275 1030 3346 longiuscula
1044 3263 1059 3326 l
1074 3278 1169 3334 littera
1183 3279 1248 3333 ΟΜ-

129 3349 175 3410 NIS
188 3369 344 3423 vocabulum
363 3385 445 3422 versu
464 3373 479 3421 5
499 3366 634 3436 scriptum
653 3384 721 3422 esse.
742 3367 821 3434 Quod
840 3384 889 3422 cur
901 3366 943 3421 ita
957 3383 1015 3422 esse
1029 3384 1085 3422 non
1098 3367 1247 3437 crederem,

128 3445 450 3513 ⁰¹clicavin1useinhen.
469 3459 489 3512 t.
510 3455 575 3510 XIV
592 3474 619 3526 p.
639 3461 700 3511 381.
727 3457 830 3511 Verum
850 3445 883 3512 ex
903 3473 936 3511 eo
950 3457 1045 3510 tamen
1058 3459 1184 3525 tempore
1198 3457 1247 3512 ali-

129 3531 182 3596 ‘lffl'd
198 3545 260 3601 mihi
274 3545 399 3617 scrupuli
417 3547 528 3616 praeter
548 3545 785 3615 exspectationem
801 3546 840 3601 lo.
854 3545 984 3615 Baptista
998 3545 1031 3599 de
1046 3545 1127 3600 Rossi
1141 3545 1247 3612 iniecit,

128 3619 166 3685 qui
177 3643 232 3690 cun
244 3637 272 3691 iu
287 3635 387 3692 itinere
401 3635 537 3691 Rhenano
551 3636 677 3692 Bonnam
691 3653 779 3705 nuper
789 3636 925 3702 visitaret,
940 3633 1056 3690 comiter
1070 3637 1102 3689 ut
1116 3635 1187 3690 solet
1202 3653 1246 3690 me

127 3706 321 3780 ²d¹1²⁰11uitnon
340 3725 429 3780 videri
451 3725 566 3780 titulum
589 3725 670 3780 illum
694 3725 747 3781 nisi
767 3727 920 3796 posteriore
942 3728 1069 3798 tempore
1087 3725 1182 3795 aliquo
1205 3725 1246 3778 in·

126 3797 258 3869 sanatum
271 3832 345 3870 nune
358 3813 464 3870 haberi
489 3813 540 3870 uui
559 3833 620 3870 cum
640 3833 693 3886 ego
711 3816 867 3871 litterarum
886 3817 989 3872 formas
1009 3813 1198 3886 opposuissem
1217 3812 1246 3866 in

125 3886 262 3958 anti(illiers
283 3907 412 3974 tempora
431 3903 535 3960 saeouli
553 3902 606 3958 Vll
625 3905 820 3960 convenientes
838 3908 871 3960 nt
889 3907 963 3976 quod
982 3903 1114 3972 maxime,
1137 3902 1185 3956 ille
1203 3905 1245 3956 ta-

123 3983 171 4028 men
185 3979 246 4052 ipso
263 3991 391 4062 inspecto
405 3983 503 4062 'lapide
519 4009 588 4062 opus
607 4009 675 4062 esre,
694 3996 726 4048 ut
739 3995 817 4049 aetas
831 3993 983 4064 scripturae
997 3995 1072 4048 recte
1087 3991 1245 4048 aestimare-

122 4057 163 4158 Ψ»
173 4079 323 4148 respondis
342 4079 440 4150 ltaque
454 4083 486 4135 ut
499 4098 626 4136 caussam
641 4097 701 4137 esse
716 4082 906 4152 ampliandam
920 4081 1034 4152 largiar,
1047 4085 1142 4136 tamen
1155 4080 1246 4135 fateor

122 4149 186 4209 lam
206 4168 271 4237 prus
284 4169 420 4224 Rosciano
438 4169 542 4225 suasero
560 4188 610 4226 vms
628 4170 798 4225 arenarum
822 4171 915 4240 rasse,
939 4171 993 4226 nar
1015 4170 1098 4225 simu
1117 4168 1244 4223 numm-

120 4247 184 4298 anum
211 4275 322 4326 quoque
344 4259 459 4314 titulum
482 4259 596 4315 tabulae
620 4259 770 4330 superioris
793 4259 848 4316 sibi
871 4259 959 4315 videri
981 4259 1142 4315 restitutum
1161 4257 1244 4329 signi·

119 4319 227 4420 limet:
246 4346 324 4401 cuius
341 4348 474 4416 priscam,
493 4365 577 4417 quam
596 4349 655 4420 ipse
674 4351 832 4420 profitetur,
855 4352 977 4404 aetatem
1000 4365 1063 4404 meo
1078 4365 1160 4404 sensu
1178 4348 1246 4402 satis

119 4413 172 4505 {llll
186 4425 395 4491 dubitationem
413 4439 557 4505 tamquam
575 4439 651 4510 rigor
665 4439 779 4508 quidam
794 4439 943 4495 vetustatis
957 4438 1037 4510 ponit
1050 4438 1079 4493 in
1093 4436 1244 4512 figurandis

119 4493 203 4568 hltfiss
228 4523 408 4593 conspicuus)
447 4527 476 4582 C.
496 4527 553 4600 W.]
