<?xml version="1.0" encoding="UTF-8"?>
<!DOCTYPE html PUBLIC "-//W3C//DTD XHTML 1.0 Transitional//EN"
    "http://www.w3.org/TR/xhtml1/DTD/xhtml1-transitional.dtd">
<html xmlns="http://www.w3.org/1999/xhtml" xml:lang="en" lang="en">
 <head>
  <title>
</title>
<meta http-equiv="Content-Type" content="text/html;charset=utf-8" />
  <meta name='ocr-system' content='tesseract 3.04.00' />
  <meta name='ocr-capabilities' content='ocr_page ocr_carea ocr_par ocr_line ocrx_word'/>
</head>
<body>
  <div class='ocr_page' id='page_1' title='image "./fridericiritsch08wachgoog/fridericiritsch08wachgoog_0314.png"; bbox 0 0 3246 5082; ppageno 0'>
   <div class='ocr_carea' id='block_1_1' title="bbox 534 394 1354 473">
    <p class='ocr_par' dir='ltr' id='par_1_1' title="bbox 534 394 1354 473">
     <span class='ocr_line' id='line_1_1' title="bbox 534 394 1354 473; baseline 0 -15"><span class='ocrx_word' id='word_1_1' title='bbox 534 410 740 460; x_wconf 80' lang='lat' dir='ltr'>uurruouvn</span> <span class='ocrx_word' id='word_1_2' title='bbox 764 411 1030 473; x_wconf 76' lang='lat' dir='ltr'>uurrovrssnsss.</span> <span class='ocrx_word' id='word_1_3' title='bbox 1290 394 1354 458; x_wconf 74' lang='lat'>289</span> 
     </span>
    </p>
   </div>
   <div class='ocr_carea' id='block_1_2' title="bbox 210 551 1417 1602">
    <p class='ocr_par' dir='ltr' id='par_1_2' title="bbox 210 551 1417 1602">
     <span class='ocr_line' id='line_1_2' title="bbox 211 551 1354 640; baseline 0.001 -23"><span class='ocrx_word' id='word_1_4' title='bbox 211 553 294 617; x_wconf 91' lang='lat' dir='ltr'>Item</span> <span class='ocrx_word' id='word_1_5' title='bbox 318 551 503 619; x_wconf 82' lang='lat' dir='ltr'>Bellonae</span> <span class='ocrx_word' id='word_1_6' title='bbox 526 556 684 640; x_wconf 89' lang='lat' dir='ltr'>templum</span> <span class='ocrx_word' id='word_1_7' title='bbox 703 577 787 621; x_wconf 87' lang='lat' dir='ltr'>anno</span> <span class='ocrx_word' id='word_1_8' title='bbox 803 553 951 621; x_wconf 82' lang='lat' dir='ltr'>GDLVII</span> <span class='ocrx_word' id='word_1_9' title='bbox 971 555 1011 618; x_wconf 88' lang='lat' dir='ltr'>ab</span> <span class='ocrx_word' id='word_1_10' title='bbox 1027 553 1087 638; x_wconf 85' lang='lat' dir='ltr'>Ap.</span> <span class='ocrx_word' id='word_1_11' title='bbox 1102 551 1236 618; x_wconf 80' lang='lat' dir='ltr'>Claudio</span> <span class='ocrx_word' id='word_1_12' title='bbox 1252 551 1354 618; x_wconf 85' lang='lat' dir='ltr'>Caeco</span> 
     </span>
     <span class='ocr_line' id='line_1_3' title="bbox 211 658 1355 746; baseline 0 -23"><span class='ocrx_word' id='word_1_13' title='bbox 211 663 322 724; x_wconf 84' lang='lat' dir='ltr'>votum</span> <span class='ocrx_word' id='word_1_14' title='bbox 351 681 425 724; x_wconf 92' lang='lat' dir='ltr'>cum</span> <span class='ocrx_word' id='word_1_15' title='bbox 455 658 547 726; x_wconf 85' lang='lat' dir='ltr'>Livio</span> <span class='ocrx_word' id='word_1_16' title='bbox 578 665 709 727; x_wconf 88' lang='lat' dir='ltr'>auctore</span> <span class='ocrx_word' id='word_1_17' title='bbox 736 660 780 746; x_wconf 87' lang='lat' dir='ltr'>X,</span> <span class='ocrx_word' id='word_1_18' title='bbox 803 660 841 728; x_wconf 87' lang='lat'>19</span> <span class='ocrx_word' id='word_1_19' title='bbox 875 664 1002 727; x_wconf 88' lang='lat' dir='ltr'>constat</span> <span class='ocrx_word' id='word_1_20' title='bbox 1032 665 1102 725; x_wconf 89' lang='lat' dir='ltr'>turn</span> <span class='ocrx_word' id='word_1_21' title='bbox 1126 659 1241 726; x_wconf 77' lang='lat' dir='ltr'>Ouidio</span> <span class='ocrx_word' id='word_1_22' title='bbox 1268 659 1355 724; x_wconf 83' lang='lat' dir='ltr'>Fast.</span> 
     </span>
     <span class='ocr_line' id='line_1_4' title="bbox 211 765 1356 852; baseline 0.001 -22"><span class='ocrx_word' id='word_1_23' title='bbox 211 765 268 850; x_wconf 84' lang='lat' dir='ltr'>VI,</span> <span class='ocrx_word' id='word_1_24' title='bbox 290 767 352 831; x_wconf 77' lang='lat'>201</span> <span class='ocrx_word' id='word_1_25' title='bbox 375 789 444 852; x_wconf 87' lang='lat' dir='ltr'>sqq.</span> <span class='ocrx_word' id='word_1_26' title='bbox 495 765 698 852; x_wconf 78' lang='lat' dir='ltr'><strong>Quamquam</strong></span> <span class='ocrx_word' id='word_1_27' title='bbox 727 769 933 834; x_wconf 89' lang='lat' dir='ltr'>mirationem</span> <span class='ocrx_word' id='word_1_28' title='bbox 962 791 1039 834; x_wconf 87' lang='lat' dir='ltr'>sane</span> <span class='ocrx_word' id='word_1_29' title='bbox 1066 790 1132 833; x_wconf 91' lang='lat' dir='ltr'>non</span> <span class='ocrx_word' id='word_1_30' title='bbox 1162 767 1356 833; x_wconf 81' lang='lat' dir='ltr'>mediocrem</span> 
     </span>
     <span class='ocr_line' id='line_1_5' title="bbox 211 864 1417 959; baseline 0.001 -23"><span class='ocrx_word' id='word_1_31' title='bbox 211 873 293 954; x_wconf 83' lang='lat' dir='ltr'>illud</span> <span class='ocrx_word' id='word_1_32' title='bbox 317 878 440 957; x_wconf 89' lang='lat' dir='ltr'>movet,</span> <span class='ocrx_word' id='word_1_33' title='bbox 464 873 550 958; x_wconf 89' lang='lat' dir='ltr'>quod</span> <span class='ocrx_word' id='word_1_34' title='bbox 574 873 749 940; x_wconf 81' lang='lat' dir='ltr'><strong>BELONA</strong></span> <span class='ocrx_word' id='word_1_35' title='bbox 773 897 812 940; x_wconf 91' lang='lat' dir='ltr'>ea</span> <span class='ocrx_word' id='word_1_36' title='bbox 835 875 895 940; x_wconf 88' lang='lat' dir='ltr'>dea</span> <span class='ocrx_word' id='word_1_37' title='bbox 917 864 1004 940; x_wconf 72' lang='lat' dir='ltr'>dida</span> <span class='ocrx_word' id='word_1_38' title='bbox 1025 880 1076 940; x_wconf 88' lang='lat' dir='ltr'>est</span> <span class='ocrx_word' id='word_1_39' title='bbox 1099 875 1133 940; x_wconf 92' lang='lat' dir='ltr'>in</span> <span class='ocrx_word' id='word_1_40' title='bbox 1151 878 1265 959; x_wconf 86' lang='lat' dir='ltr'>patera</span> <span class='ocrx_word' id='word_1_41' title='bbox 1282 873 1355 938; x_wconf 89' lang='lat' dir='ltr'>Mil·</span> <span class='ocrx_word' id='word_1_42' title='bbox 1410 921 1417 947; x_wconf 81' lang='grc'><strong>,</strong></span> 
     </span>
     <span class='ocr_line' id='line_1_6' title="bbox 210 980 1355 1067; baseline 0.002 -24"><span class='ocrx_word' id='word_1_43' title='bbox 210 980 409 1064; x_wconf 87' lang='lat' dir='ltr'>lingeniana,</span> <span class='ocrx_word' id='word_1_44' title='bbox 432 1003 498 1046; x_wconf 93' lang='lat' dir='ltr'>non</span> <span class='ocrx_word' id='word_1_45' title='bbox 516 981 736 1048; x_wconf 79' lang='lat' dir='ltr'>DVIILONA.</span> <span class='ocrx_word' id='word_1_46' title='bbox 770 982 863 1060; x_wconf 78' lang='lat' dir='ltr'>Quod</span> <span class='ocrx_word' id='word_1_47' title='bbox 886 987 998 1048; x_wconf 89' lang='lat' dir='ltr'>contra</span> <span class='ocrx_word' id='word_1_48' title='bbox 1017 982 1246 1067; x_wconf 71' lang='lat' dir='ltr'>antiquitatem</span> <span class='ocrx_word' id='word_1_49' title='bbox 1264 980 1355 1046; x_wconf 89' lang='lat' dir='ltr'>Keri</span> 
     </span>
     <span class='ocr_line' id='line_1_7' title="bbox 210 1087 1355 1173; baseline 0.003 -23"><span class='ocrx_word' id='word_1_50' title='bbox 210 1087 353 1152; x_wconf 88' lang='lat' dir='ltr'>nominis</span> <span class='ocrx_word' id='word_1_51' title='bbox 376 1092 506 1172; x_wconf 89' lang='lat' dir='ltr'>practer</span> <span class='ocrx_word' id='word_1_52' title='bbox 529 1087 703 1154; x_wconf 86' lang='lat' dir='ltr'>Saliarium</span> <span class='ocrx_word' id='word_1_53' title='bbox 727 1090 905 1155; x_wconf 79' lang='lat' dir='ltr'>carminum</span> <span class='ocrx_word' id='word_1_54' title='bbox 935 1089 1133 1155; x_wconf 84' lang='lat' dir='ltr'>mentionem</span> <span class='ocrx_word' id='word_1_55' title='bbox 1160 1089 1233 1173; x_wconf 86' lang='lat' dir='ltr'>ipsa</span> <span class='ocrx_word' id='word_1_56' title='bbox 1256 1088 1355 1172; x_wconf 83' lang='lat' dir='ltr'>aerip-</span> 
     </span>
     <span class='ocr_line' id='line_1_8' title="bbox 211 1193 1355 1282; baseline 0.002 -25"><span class='ocrx_word' id='word_1_57' title='bbox 211 1197 285 1258; x_wconf 88' lang='lat' dir='ltr'>tura</span> <span class='ocrx_word' id='word_1_58' title='bbox 307 1193 416 1260; x_wconf 88' lang='lat' dir='ltr'>firmat</span> <span class='ocrx_word' id='word_1_59' title='bbox 439 1196 469 1262; x_wconf 91' lang='grc' dir='ltr'><strong>Κ</strong></span> <span class='ocrx_word' id='word_1_60' title='bbox 493 1197 622 1263; x_wconf 84' lang='lat' dir='ltr'>litterae</span> <span class='ocrx_word' id='word_1_61' title='bbox 650 1221 710 1262; x_wconf 91' lang='lat' dir='ltr'>usu</span> <span class='ocrx_word' id='word_1_62' title='bbox 738 1197 891 1282; x_wconf 86' lang='lat' dir='ltr'>insignis:</span> <span class='ocrx_word' id='word_1_63' title='bbox 924 1197 1071 1282; x_wconf 87' lang='lat' dir='ltr'>idemque</span> <span class='ocrx_word' id='word_1_64' title='bbox 1099 1195 1180 1260; x_wconf 93' lang='lat' dir='ltr'>illud</span> <span class='ocrx_word' id='word_1_65' title='bbox 1210 1195 1243 1259; x_wconf 91' lang='lat' dir='ltr'>in</span> <span class='ocrx_word' id='word_1_66' title='bbox 1268 1194 1355 1260; x_wconf 82' lang='lat' dir='ltr'>Sae-</span> 
     </span>
     <span class='ocr_line' id='line_1_9' title="bbox 211 1301 1356 1388; baseline 0 -22"><span class='ocrx_word' id='word_1_67' title='bbox 211 1307 365 1366; x_wconf 90' lang='lat' dir='ltr'>turnum</span> <span class='ocrx_word' id='word_1_68' title='bbox 398 1303 497 1388; x_wconf 89' lang='lat' dir='ltr'>cadit,</span> <span class='ocrx_word' id='word_1_69' title='bbox 534 1305 585 1369; x_wconf 90' lang='lat' dir='ltr'>cui</span> <span class='ocrx_word' id='word_1_70' title='bbox 613 1304 673 1370; x_wconf 92' lang='lat' dir='ltr'>deo</span> <span class='ocrx_word' id='word_1_71' title='bbox 701 1304 840 1370; x_wconf 87' lang='lat' dir='ltr'>dicatam</span> <span class='ocrx_word' id='word_1_72' title='bbox 870 1303 937 1368; x_wconf 83' lang='lat' dir='ltr'>sive</span> <span class='ocrx_word' id='word_1_73' title='bbox 966 1303 1007 1367; x_wconf 90' lang='lat' dir='ltr'>ab</span> <span class='ocrx_word' id='word_1_74' title='bbox 1035 1301 1187 1367; x_wconf 82' lang='lat' dir='ltr'>Euandro</span> <span class='ocrx_word' id='word_1_75' title='bbox 1217 1303 1285 1366; x_wconf 84' lang='lat' dir='ltr'>aive</span> <span class='ocrx_word' id='word_1_76' title='bbox 1315 1302 1356 1367; x_wconf 88' lang='lat' dir='ltr'>ab</span> 
     </span>
     <span class='ocr_line' id='line_1_10' title="bbox 212 1407 1355 1494; baseline 0.002 -22"><span class='ocrx_word' id='word_1_77' title='bbox 212 1407 351 1474; x_wconf 85' lang='lat' dir='ltr'>Hercule</span> <span class='ocrx_word' id='word_1_78' title='bbox 376 1409 416 1474; x_wconf 87' lang='lat' dir='ltr'>ud</span> <span class='ocrx_word' id='word_1_79' title='bbox 439 1411 558 1476; x_wconf 88' lang='lat' dir='ltr'>clivum</span> <span class='ocrx_word' id='word_1_80' title='bbox 574 1407 795 1494; x_wconf 84' lang='lat' dir='ltr'>Capitolinum</span> <span class='ocrx_word' id='word_1_81' title='bbox 819 1432 923 1494; x_wconf 85' lang='lat' dir='ltr'>aram,</span> <span class='ocrx_word' id='word_1_82' title='bbox 946 1410 997 1474; x_wconf 87' lang='lat' dir='ltr'>vel</span> <span class='ocrx_word' id='word_1_83' title='bbox 1021 1408 1133 1474; x_wconf 87' lang='lat' dir='ltr'>aedem</span> <span class='ocrx_word' id='word_1_84' title='bbox 1156 1409 1223 1474; x_wconf 83' lang='lat' dir='ltr'>sive</span> <span class='ocrx_word' id='word_1_85' title='bbox 1243 1432 1262 1474; x_wconf 87' lang='lat' dir='ltr'>a</span> <span class='ocrx_word' id='word_1_86' title='bbox 1279 1409 1355 1474; x_wconf 87' lang='lat' dir='ltr'>Tito</span> 
     </span>
     <span class='ocr_line' id='line_1_11' title="bbox 212 1515 1354 1602; baseline 0 -22"><span class='ocrx_word' id='word_1_87' title='bbox 212 1515 308 1580; x_wconf 84' lang='lat' dir='ltr'>Tatio</span> <span class='ocrx_word' id='word_1_88' title='bbox 333 1518 401 1582; x_wconf 83' lang='lat' dir='ltr'>sive</span> <span class='ocrx_word' id='word_1_89' title='bbox 424 1540 444 1581; x_wconf 84' lang='lat' dir='ltr'>a</span> <span class='ocrx_word' id='word_1_90' title='bbox 462 1516 557 1582; x_wconf 79' lang='lat' dir='ltr'>&#39;Pullo</span> <span class='ocrx_word' id='word_1_91' title='bbox 575 1515 718 1583; x_wconf 89' lang='lat' dir='ltr'>Hostilio</span> <span class='ocrx_word' id='word_1_92' title='bbox 733 1519 810 1583; x_wconf 84' lang='lat' dir='ltr'>&#39;siva</span> <span class='ocrx_word' id='word_1_93' title='bbox 834 1541 854 1582; x_wconf 88' lang='lat' dir='ltr'>a</span> <span class='ocrx_word' id='word_1_94' title='bbox 872 1517 1050 1602; x_wconf 86' lang='lat' dir='ltr'>Tarquinio</span> <span class='ocrx_word' id='word_1_95' title='bbox 1070 1515 1215 1601; x_wconf 84' lang='lat' dir='ltr'>Superbo</span> <span class='ocrx_word' id='word_1_96' title='bbox 1234 1517 1354 1582; x_wconf 88' lang='lat' dir='ltr'>factam</span> 
     </span>
    </p>
   </div>
   <div class='ocr_carea' id='block_1_3' title="bbox 74 1622 1357 1710">
    <p class='ocr_par' dir='ltr' id='par_1_3' title="bbox 74 1622 1357 1710">
     <span class='ocr_line' id='line_1_12' title="bbox 74 1622 1357 1710; baseline -0.001 -23"><span class='ocrx_word' id='word_1_97' title='bbox 74 1627 75 1630; x_wconf 73' lang='grc'>’</span> <span class='ocrx_word' id='word_1_98' title='bbox 212 1623 288 1707; x_wconf 90' lang='lat' dir='ltr'>quid</span> <span class='ocrx_word' id='word_1_99' title='bbox 311 1624 463 1708; x_wconf 87' lang='lat' dir='ltr'>estquod</span> <span class='ocrx_word' id='word_1_100' title='bbox 482 1645 658 1708; x_wconf 89' lang='lat' dir='ltr'>persequar</span> <span class='ocrx_word' id='word_1_101' title='bbox 677 1626 861 1710; x_wconf 83' lang='lat' dir='ltr'>copiosius?</span> <span class='ocrx_word' id='word_1_102' title='bbox 890 1623 951 1688; x_wconf 89' lang='lat' dir='ltr'>Vel</span> <span class='ocrx_word' id='word_1_103' title='bbox 972 1645 1045 1690; x_wconf 90' lang='lat' dir='ltr'>cum</span> <span class='ocrx_word' id='word_1_104' title='bbox 1059 1623 1190 1688; x_wconf 83' lang='lat' dir='ltr'>Romuli</span> <span class='ocrx_word' id='word_1_105' title='bbox 1204 1622 1357 1707; x_wconf 86' lang='lat' dir='ltr'>Tatiique</span> 
     </span>
    </p>
   </div>
   <div class='ocr_carea' id='block_1_4' title="bbox 211 1729 1359 2135">
    <p class='ocr_par' dir='ltr' id='par_1_4' title="bbox 211 1729 1359 2135">
     <span class='ocr_line' id='line_1_13' title="bbox 212 1729 1358 1814; baseline 0 -21"><span class='ocrx_word' id='word_1_106' title='bbox 212 1729 343 1794; x_wconf 89' lang='lat' dir='ltr'>nomine</span> <span class='ocrx_word' id='word_1_107' title='bbox 370 1731 575 1796; x_wconf 84' lang='lat' dir='ltr'>coniunctam</span> <span class='ocrx_word' id='word_1_108' title='bbox 598 1730 759 1797; x_wconf 84' lang='lat' dir='ltr'>Volcani</span> <span class='ocrx_word' id='word_1_109' title='bbox 788 1731 994 1814; x_wconf 85' lang='lat' dir='ltr'>memoriam,</span> <span class='ocrx_word' id='word_1_110' title='bbox 1027 1751 1123 1813; x_wconf 87' lang='lat' dir='ltr'>quam</span> <span class='ocrx_word' id='word_1_111' title='bbox 1149 1729 1358 1794; x_wconf 82' lang='lat' dir='ltr'>Vulcanala</span> 
     </span>
     <span class='ocr_line' id='line_1_14' title="bbox 211 1834 1359 1922; baseline 0 -22"><span class='ocrx_word' id='word_1_112' title='bbox 211 1839 352 1902; x_wconf 86' lang='lat' dir='ltr'>testatur</span> <span class='ocrx_word' id='word_1_113' title='bbox 374 1841 408 1902; x_wconf 86' lang='lat' dir='ltr'>ct</span> <span class='ocrx_word' id='word_1_114' title='bbox 429 1836 656 1902; x_wconf 88' lang='lat' dir='ltr'>VolcanaIis</span> <span class='ocrx_word' id='word_1_115' title='bbox 680 1839 792 1904; x_wconf 82' lang='lat' dir='ltr'>area?</span> <span class='ocrx_word' id='word_1_116' title='bbox 829 1837 900 1913; x_wconf 79' lang='lat' dir='ltr'>Quo</span> <span class='ocrx_word' id='word_1_117' title='bbox 923 1836 1067 1922; x_wconf 85' lang='lat' dir='ltr'>pertinet</span> <span class='ocrx_word' id='word_1_118' title='bbox 1089 1836 1174 1920; x_wconf 92' lang='lat' dir='ltr'>quod</span> <span class='ocrx_word' id='word_1_119' title='bbox 1198 1841 1231 1900; x_wconf 92' lang='lat' dir='ltr'>et</span> <span class='ocrx_word' id='word_1_120' title='bbox 1250 1834 1359 1900; x_wconf 87' lang='lat' dir='ltr'>Satur-</span> 
     </span>
     <span class='ocr_line' id='line_1_15' title="bbox 212 1941 1359 2028; baseline -0.001 -21"><span class='ocrx_word' id='word_1_121' title='bbox 212 1965 289 2007; x_wconf 91' lang='lat' dir='ltr'>num</span> <span class='ocrx_word' id='word_1_122' title='bbox 313 1947 347 2008; x_wconf 89' lang='lat' dir='ltr'>et</span> <span class='ocrx_word' id='word_1_123' title='bbox 364 1941 546 2008; x_wconf 87' lang='lat' dir='ltr'>Volcanum</span> <span class='ocrx_word' id='word_1_124' title='bbox 569 1943 602 2008; x_wconf 92' lang='lat' dir='ltr'>in</span> <span class='ocrx_word' id='word_1_125' title='bbox 627 1944 674 2010; x_wconf 85' lang='lat' dir='ltr'>eia</span> <span class='ocrx_word' id='word_1_126' title='bbox 698 1945 766 2010; x_wconf 87' lang='lat' dir='ltr'>deis</span> <span class='ocrx_word' id='word_1_127' title='bbox 780 1943 885 2010; x_wconf 87' lang='lat' dir='ltr'>Varro</span> <span class='ocrx_word' id='word_1_128' title='bbox 909 1943 947 2010; x_wconf 92' lang='lat' dir='ltr'>dc</span> <span class='ocrx_word' id='word_1_129' title='bbox 972 1944 992 2009; x_wconf 92' lang='lat' dir='ltr'>l.</span> <span class='ocrx_word' id='word_1_130' title='bbox 1012 1945 1067 2008; x_wconf 89' lang='lat' dir='ltr'>lat.</span> <span class='ocrx_word' id='word_1_131' title='bbox 1084 1942 1124 2028; x_wconf 90' lang='lat' dir='ltr'>V,</span> <span class='ocrx_word' id='word_1_132' title='bbox 1139 1944 1182 2008; x_wconf 75' lang='lat'>74</span> <span class='ocrx_word' id='word_1_133' title='bbox 1200 1947 1359 2026; x_wconf 88' lang='lat' dir='ltr'>numerat,</span> 
     </span>
     <span class='ocr_line' id='line_1_16' title="bbox 212 2047 1216 2135; baseline 0 -21"><span class='ocrx_word' id='word_1_134' title='bbox 212 2050 329 2133; x_wconf 84' lang='lat' dir='ltr'>quibua</span> <span class='ocrx_word' id='word_1_135' title='bbox 353 2047 440 2114; x_wconf 79' lang='lat' dir='ltr'>‘arae</span> <span class='ocrx_word' id='word_1_136' title='bbox 464 2049 541 2115; x_wconf 84' lang='lat' dir='ltr'>Tati</span> <span class='ocrx_word' id='word_1_137' title='bbox 565 2051 651 2135; x_wconf 87' lang='lat' dir='ltr'>regie</span> <span class='ocrx_word' id='word_1_138' title='bbox 675 2055 752 2118; x_wconf 85' lang='lat' dir='ltr'>voto</span> <span class='ocrx_word' id='word_1_139' title='bbox 776 2056 853 2116; x_wconf 90' lang='lat' dir='ltr'>sunt</span> <span class='ocrx_word' id='word_1_140' title='bbox 875 2051 998 2117; x_wconf 89' lang='lat' dir='ltr'>Romae</span> <span class='ocrx_word' id='word_1_141' title='bbox 1023 2048 1216 2118; x_wconf 86' lang='lat' dir='ltr'>dedicatae&#39;.</span> 
     </span>
    </p>
   </div>
   <div class='ocr_carea' id='block_1_5' title="bbox 211 2207 1400 3790">
    <p class='ocr_par' dir='ltr' id='par_1_5' title="bbox 211 2207 1400 3790">
     <span class='ocr_line' id='line_1_17' title="bbox 301 2207 1359 2297; baseline 0 -24"><span class='ocrx_word' id='word_1_142' title='bbox 301 2207 427 2274; x_wconf 87' lang='lat' dir='ltr'>Horum</span> <span class='ocrx_word' id='word_1_143' title='bbox 457 2210 559 2295; x_wconf 86' lang='lat' dir='ltr'>igitur</span> <span class='ocrx_word' id='word_1_144' title='bbox 591 2211 721 2276; x_wconf 89' lang='lat' dir='ltr'>deorum</span> <span class='ocrx_word' id='word_1_145' title='bbox 751 2212 837 2296; x_wconf 91' lang='lat' dir='ltr'>quod</span> <span class='ocrx_word' id='word_1_146' title='bbox 869 2212 986 2297; x_wconf 89' lang='lat' dir='ltr'>pocula</span> <span class='ocrx_word' id='word_1_147' title='bbox 1018 2211 1076 2277; x_wconf 91' lang='lat' dir='ltr'>illa</span> <span class='ocrx_word' id='word_1_148' title='bbox 1103 2233 1174 2276; x_wconf 85' lang='lat' dir='ltr'>ease</span> <span class='ocrx_word' id='word_1_149' title='bbox 1202 2209 1359 2293; x_wconf 85' lang='lat' dir='ltr'>dicuntur,</span> 
     </span>
     <span class='ocr_line' id='line_1_18' title="bbox 211 2316 1358 2403; baseline 0 -23"><span class='ocrx_word' id='word_1_150' title='bbox 211 2316 246 2381; x_wconf 94' lang='lat' dir='ltr'>id</span> <span class='ocrx_word' id='word_1_151' title='bbox 269 2317 335 2382; x_wconf 88' lang='lat' dir='ltr'>vim</span> <span class='ocrx_word' id='word_1_152' title='bbox 358 2316 478 2382; x_wconf 88' lang='lat' dir='ltr'>habere</span> <span class='ocrx_word' id='word_1_153' title='bbox 499 2317 660 2402; x_wconf 82' lang='lat' dir='ltr'>duplicem</span> <span class='ocrx_word' id='word_1_154' title='bbox 679 2323 799 2403; x_wconf 90' lang='lat' dir='ltr'>potest.</span> <span class='ocrx_word' id='word_1_155' title='bbox 830 2317 898 2382; x_wconf 85' lang='lat' dir='ltr'>Aut</span> <span class='ocrx_word' id='word_1_156' title='bbox 917 2318 1001 2382; x_wconf 90' lang='lat' dir='ltr'>enim</span> <span class='ocrx_word' id='word_1_157' title='bbox 1022 2340 1038 2382; x_wconf 93' lang='lat' dir='ltr'>e</span> <span class='ocrx_word' id='word_1_158' title='bbox 1058 2317 1236 2383; x_wconf 88' lang='lat' dir='ltr'>domestica</span> <span class='ocrx_word' id='word_1_159' title='bbox 1255 2317 1358 2400; x_wconf 88' lang='lat' dir='ltr'>supel-</span> 
     </span>
     <span class='ocr_line' id='line_1_19' title="bbox 213 2423 1359 2509; baseline -0.001 -22"><span class='ocrx_word' id='word_1_160' title='bbox 213 2423 320 2488; x_wconf 87' lang='lat' dir='ltr'>lectile</span> <span class='ocrx_word' id='word_1_161' title='bbox 344 2424 474 2509; x_wconf 85' lang='lat' dir='ltr'>privata</span> <span class='ocrx_word' id='word_1_162' title='bbox 497 2424 595 2508; x_wconf 85' lang='lat' dir='ltr'>fuere,</span> <span class='ocrx_word' id='word_1_163' title='bbox 625 2425 699 2489; x_wconf 89' lang='lat' dir='ltr'>usui</span> <span class='ocrx_word' id='word_1_164' title='bbox 722 2429 830 2489; x_wconf 88' lang='lat' dir='ltr'>tamen</span> <span class='ocrx_word' id='word_1_165' title='bbox 855 2423 964 2488; x_wconf 88' lang='lat' dir='ltr'>divino</span> <span class='ocrx_word' id='word_1_166' title='bbox 989 2423 1160 2506; x_wconf 86' lang='lat' dir='ltr'>destinata,</span> <span class='ocrx_word' id='word_1_167' title='bbox 1186 2427 1221 2487; x_wconf 91' lang='lat' dir='ltr'>ut</span> <span class='ocrx_word' id='word_1_168' title='bbox 1243 2423 1359 2507; x_wconf 92' lang='lat' dir='ltr'>quibus</span> 
     </span>
     <span class='ocr_line' id='line_1_20' title="bbox 212 2528 1360 2614; baseline -0.001 -21"><span class='ocrx_word' id='word_1_169' title='bbox 212 2529 386 2602; x_wconf 85' lang='lat' dir='ltr'>libationes</span> <span class='ocrx_word' id='word_1_170' title='bbox 414 2529 530 2595; x_wconf 91' lang='lat' dir='ltr'>fierent</span> <span class='ocrx_word' id='word_1_171' title='bbox 559 2531 655 2595; x_wconf 89' lang='lat' dir='ltr'>certis</span> <span class='ocrx_word' id='word_1_172' title='bbox 684 2529 752 2595; x_wconf 89' lang='lat' dir='ltr'>deis</span> <span class='ocrx_word' id='word_1_173' title='bbox 781 2535 869 2596; x_wconf 89' lang='lat' dir='ltr'>certo</span> <span class='ocrx_word' id='word_1_174' title='bbox 898 2531 962 2595; x_wconf 90' lang='lat' dir='ltr'>ritu</span> <span class='ocrx_word' id='word_1_175' title='bbox 991 2529 1107 2614; x_wconf 85' lang='lat' dir='ltr'>gentili</span> <span class='ocrx_word' id='word_1_176' title='bbox 1132 2528 1270 2593; x_wconf 89' lang='lat' dir='ltr'>dicatae:</span> <span class='ocrx_word' id='word_1_177' title='bbox 1303 2533 1360 2592; x_wconf 92' lang='lat' dir='ltr'>aut</span> 
     </span>
     <span class='ocr_line' id='line_1_21' title="bbox 212 2635 1360 2722; baseline -0.001 -23"><span class='ocrx_word' id='word_1_178' title='bbox 212 2657 326 2720; x_wconf 85' lang='lat' dir='ltr'>reapse</span> <span class='ocrx_word' id='word_1_179' title='bbox 354 2636 475 2702; x_wconf 90' lang='lat' dir='ltr'>donata</span> <span class='ocrx_word' id='word_1_180' title='bbox 503 2642 537 2702; x_wconf 89' lang='lat' dir='ltr'>et</span> <span class='ocrx_word' id='word_1_181' title='bbox 565 2641 753 2703; x_wconf 86' lang='lat' dir='ltr'>consecrata</span> <span class='ocrx_word' id='word_1_182' title='bbox 780 2641 856 2702; x_wconf 89' lang='lat' dir='ltr'>sunt</span> <span class='ocrx_word' id='word_1_183' title='bbox 883 2637 929 2702; x_wconf 86' lang='lat' dir='ltr'>eis</span> <span class='ocrx_word' id='word_1_184' title='bbox 957 2657 1092 2722; x_wconf 89' lang='lat' dir='ltr'>quorum</span> <span class='ocrx_word' id='word_1_185' title='bbox 1123 2635 1256 2700; x_wconf 90' lang='lat' dir='ltr'>nomina</span> <span class='ocrx_word' id='word_1_186' title='bbox 1282 2656 1360 2718; x_wconf 89' lang='lat' dir='ltr'>prae</span> 
     </span>
     <span class='ocr_line' id='line_1_22' title="bbox 214 2741 1361 2828; baseline 0 -22"><span class='ocrx_word' id='word_1_187' title='bbox 214 2763 248 2807; x_wconf 87' lang='lat' dir='ltr'>se</span> <span class='ocrx_word' id='word_1_188' title='bbox 275 2743 384 2808; x_wconf 82' lang='lat' dir='ltr'>ferunt</span> <span class='ocrx_word' id='word_1_189' title='bbox 413 2743 494 2828; x_wconf 85' lang='lat' dir='ltr'>deis,</span> <span class='ocrx_word' id='word_1_190' title='bbox 527 2743 583 2808; x_wconf 90' lang='lat' dir='ltr'>sed</span> <span class='ocrx_word' id='word_1_191' title='bbox 610 2747 720 2808; x_wconf 89' lang='lat' dir='ltr'>tamen</span> <span class='ocrx_word' id='word_1_192' title='bbox 745 2743 885 2808; x_wconf 89' lang='lat' dir='ltr'>fortasse</span> <span class='ocrx_word' id='word_1_193' title='bbox 913 2765 954 2808; x_wconf 92' lang='lat' dir='ltr'>ne</span> <span class='ocrx_word' id='word_1_194' title='bbox 982 2743 1028 2808; x_wconf 88' lang='lat' dir='ltr'>sic</span> <span class='ocrx_word' id='word_1_195' title='bbox 1057 2742 1186 2828; x_wconf 85' lang='lat' dir='ltr'>quidem</span> <span class='ocrx_word' id='word_1_196' title='bbox 1215 2741 1361 2806; x_wconf 88' lang='lat' dir='ltr'>seiuncta</span> 
     </span>
     <span class='ocr_line' id='line_1_23' title="bbox 213 2849 1360 2936; baseline -0.002 -22"><span class='ocrx_word' id='word_1_197' title='bbox 213 2849 381 2915; x_wconf 81' lang='lat' dir='ltr'>libationis</span> <span class='ocrx_word' id='word_1_198' title='bbox 405 2851 613 2936; x_wconf 76' lang='lat' dir='ltr'>cogitatione,</span> <span class='ocrx_word' id='word_1_199' title='bbox 637 2851 756 2936; x_wconf 91' lang='lat' dir='ltr'>quippe</span> <span class='ocrx_word' id='word_1_200' title='bbox 776 2873 839 2935; x_wconf 90' lang='lat' dir='ltr'>quo</span> <span class='ocrx_word' id='word_1_201' title='bbox 858 2851 966 2935; x_wconf 89' lang='lat' dir='ltr'>ipsum</span> <span class='ocrx_word' id='word_1_202' title='bbox 990 2850 1218 2934; x_wconf 90' lang='lat' dir='ltr'>poculorum</span> <span class='ocrx_word' id='word_1_203' title='bbox 1242 2871 1360 2914; x_wconf 91' lang='lat' dir='ltr'>nomen</span> 
     </span>
     <span class='ocr_line' id='line_1_24' title="bbox 215 2957 1359 3042; baseline -0.001 -21"><span class='ocrx_word' id='word_1_204' title='bbox 215 2961 362 3041; x_wconf 81' lang='lat' dir='ltr'>spectare</span> <span class='ocrx_word' id='word_1_205' title='bbox 385 2958 541 3023; x_wconf 87' lang='lat' dir='ltr'>videatur.</span> <span class='ocrx_word' id='word_1_206' title='bbox 579 2958 623 3023; x_wconf 84' lang='lat' dir='ltr'>Et</span> <span class='ocrx_word' id='word_1_207' title='bbox 646 2958 681 3023; x_wconf 93' lang='lat' dir='ltr'>in</span> <span class='ocrx_word' id='word_1_208' title='bbox 703 2957 787 3024; x_wconf 87' lang='lat' dir='ltr'>hanc</span> <span class='ocrx_word' id='word_1_209' title='bbox 811 2957 938 3042; x_wconf 89' lang='lat' dir='ltr'>quidem</span> <span class='ocrx_word' id='word_1_210' title='bbox 961 2961 1088 3042; x_wconf 89' lang='lat' dir='ltr'>partem</span> <span class='ocrx_word' id='word_1_211' title='bbox 1111 2957 1243 3023; x_wconf 90' lang='lat' dir='ltr'>illorum</span> <span class='ocrx_word' id='word_1_212' title='bbox 1266 2979 1359 3022; x_wconf 91' lang='lat' dir='ltr'>usum</span> 
     </span>
     <span class='ocr_line' id='line_1_25' title="bbox 214 3063 1400 3150; baseline -0.003 -22"><span class='ocrx_word' id='word_1_213' title='bbox 214 3063 420 3128; x_wconf 84' lang='lat' dir='ltr'>vasculorum</span> <span class='ocrx_word' id='word_1_214' title='bbox 443 3065 658 3150; x_wconf 87' lang='lat' dir='ltr'>probabiliter</span> <span class='ocrx_word' id='word_1_215' title='bbox 685 3087 736 3130; x_wconf 91' lang='lat' dir='ltr'>me</span> <span class='ocrx_word' id='word_1_216' title='bbox 764 3065 866 3130; x_wconf 86' lang='lat' dir='ltr'>iudice</span> <span class='ocrx_word' id='word_1_217' title='bbox 896 3065 960 3130; x_wconf 91' lang='lat' dir='ltr'>iam</span> <span class='ocrx_word' id='word_1_218' title='bbox 986 3063 1022 3130; x_wconf 94' lang='grc' dir='ltr'>Ο.</span> <span class='ocrx_word' id='word_1_219' title='bbox 1041 3063 1175 3130; x_wconf 87' lang='lat' dir='ltr'>Iahnius</span> <span class='ocrx_word' id='word_1_220' title='bbox 1204 3065 1359 3148; x_wconf 87' lang='lat' dir='ltr'>interpre-</span> <span class='ocrx_word' id='word_1_221' title='bbox 1374 3085 1400 3125; x_wconf 78' lang='lat' dir='ltr'>ce</span> 
     </span>
     <span class='ocr_line' id='line_1_26' title="bbox 214 3169 1360 3256; baseline -0.002 -21"><span class='ocrx_word' id='word_1_222' title='bbox 214 3175 302 3236; x_wconf 87' lang='lat' dir='ltr'>tatus</span> <span class='ocrx_word' id='word_1_223' title='bbox 331 3175 382 3236; x_wconf 91' lang='lat' dir='ltr'>est</span> <span class='ocrx_word' id='word_1_224' title='bbox 409 3170 584 3237; x_wconf 76' lang='lat' dir='ltr'>Annalium</span> <span class='ocrx_word' id='word_1_225' title='bbox 612 3173 713 3256; x_wconf 88' lang='lat' dir='ltr'>antiq.</span> <span class='ocrx_word' id='word_1_226' title='bbox 743 3171 874 3237; x_wconf 80' lang='lat' dir='ltr'>studioa</span> <span class='ocrx_word' id='word_1_227' title='bbox 899 3171 1000 3237; x_wconf 85' lang='lat' dir='ltr'>Rhen.</span> <span class='ocrx_word' id='word_1_228' title='bbox 1029 3171 1106 3237; x_wconf 86' lang='lat' dir='ltr'>fasc.</span> <span class='ocrx_word' id='word_1_229' title='bbox 1129 3169 1209 3236; x_wconf 85' lang='lat' dir='ltr'>XIII</span> <span class='ocrx_word' id='word_1_230' title='bbox 1237 3193 1266 3254; x_wconf 94' lang='lat' dir='ltr'>p.</span> <span class='ocrx_word' id='word_1_231' title='bbox 1288 3170 1360 3234; x_wconf 90' lang='lat'>115.</span> 
     </span>
     <span class='ocr_line' id='line_1_27' title="bbox 214 3275 1360 3364; baseline -0.003 -22"><span class='ocrx_word' id='word_1_232' title='bbox 214 3276 327 3362; x_wconf 88' lang='lat' dir='ltr'>Neque</span> <span class='ocrx_word' id='word_1_233' title='bbox 360 3279 446 3343; x_wconf 89' lang='lat' dir='ltr'>enim</span> <span class='ocrx_word' id='word_1_234' title='bbox 474 3277 616 3364; x_wconf 82' lang='lat' dir='ltr'>genetivi</span> <span class='ocrx_word' id='word_1_235' title='bbox 647 3279 711 3343; x_wconf 91' lang='lat' dir='ltr'>alia</span> <span class='ocrx_word' id='word_1_236' title='bbox 743 3280 826 3344; x_wconf 91' lang='lat' dir='ltr'>ratio</span> <span class='ocrx_word' id='word_1_237' title='bbox 855 3282 905 3343; x_wconf 91' lang='lat' dir='ltr'>est</span> <span class='ocrx_word' id='word_1_238' title='bbox 934 3278 967 3342; x_wconf 89' lang='lat' dir='ltr'>in</span> <span class='ocrx_word' id='word_1_239' title='bbox 995 3277 1061 3342; x_wconf 87' lang='lat' dir='ltr'>illia</span> <span class='ocrx_word' id='word_1_240' title='bbox 1091 3275 1360 3360; x_wconf 89' lang='lat' dir='ltr'>inscriptionibus</span> 
     </span>
     <span class='ocr_line' id='line_1_28' title="bbox 217 3379 1360 3467; baseline -0.002 -20"><span class='ocrx_word' id='word_1_241' title='bbox 217 3405 298 3466; x_wconf 87' lang='lat' dir='ltr'>quae</span> <span class='ocrx_word' id='word_1_242' title='bbox 321 3387 397 3450; x_wconf 91' lang='lat' dir='ltr'>sunt</span> <span class='ocrx_word' id='word_1_243' title='bbox 415 3381 955 3467; x_wconf 73' lang='lat' dir='ltr'>ARI·TRANQVILL1TATIS‚</span> <span class='ocrx_word' id='word_1_244' title='bbox 979 3381 1070 3446; x_wconf 72' lang='grc' dir='ltr'>ΔΒΑ</span> <span class='ocrx_word' id='word_1_245' title='bbox 1085 3417 1092 3430; x_wconf 86' lang='grc'><em>·</em></span> <span class='ocrx_word' id='word_1_246' title='bbox 1106 3379 1306 3446; x_wconf 82' lang='lat' dir='ltr'>NEPTVNI</span> <span class='ocrx_word' id='word_1_247' title='bbox 1328 3387 1360 3445; x_wconf 90' lang='lat' dir='ltr'>et</span> 
     </span>
     <span class='ocr_line' id='line_1_29' title="bbox 216 3487 1360 3576; baseline -0.003 -22"><span class='ocrx_word' id='word_1_248' title='bbox 216 3489 307 3554; x_wconf 83' lang='grc' dir='ltr'>ΑΒΔ</span> <span class='ocrx_word' id='word_1_249' title='bbox 318 3526 324 3539; x_wconf 87' lang='grc'><em>·</em></span> <span class='ocrx_word' id='word_1_250' title='bbox 335 3489 581 3556; x_wconf 80' lang='lat' dir='ltr'>VENTORVM</span> <span class='ocrx_word' id='word_1_251' title='bbox 601 3491 685 3576; x_wconf 91' lang='lat' dir='ltr'>apud</span> <span class='ocrx_word' id='word_1_252' title='bbox 700 3489 856 3555; x_wconf 90' lang='lat' dir='ltr'>Murator.</span> <span class='ocrx_word' id='word_1_253' title='bbox 875 3513 905 3574; x_wconf 92' lang='lat' dir='ltr'>p.</span> <span class='ocrx_word' id='word_1_254' title='bbox 922 3491 995 3575; x_wconf 84' lang='lat'><strong>148,</strong></span> <span class='ocrx_word' id='word_1_255' title='bbox 1009 3490 1039 3555; x_wconf 85' lang='lat'>5.</span> <span class='ocrx_word' id='word_1_256' title='bbox 1053 3491 1083 3554; x_wconf 87' lang='lat'>4.</span> <span class='ocrx_word' id='word_1_257' title='bbox 1106 3488 1204 3554; x_wconf 90' lang='lat' dir='ltr'>Orell.</span> <span class='ocrx_word' id='word_1_258' title='bbox 1219 3509 1249 3552; x_wconf 93' lang='lat' dir='ltr'>n.</span> <span class='ocrx_word' id='word_1_259' title='bbox 1267 3487 1360 3552; x_wconf 84' lang='lat'>1339.</span> 
     </span>
     <span class='ocr_line' id='line_1_30' title="bbox 218 3593 1360 3664; baseline -0.003 -3"><span class='ocrx_word' id='word_1_260' title='bbox 218 3597 316 3664; x_wconf 84' lang='lat'>1340:</span> <span class='ocrx_word' id='word_1_261' title='bbox 340 3599 390 3663; x_wconf 85' lang='lat' dir='ltr'>vel</span> <span class='ocrx_word' id='word_1_262' title='bbox 414 3599 493 3664; x_wconf 91' lang='lat' dir='ltr'>adeo</span> <span class='ocrx_word' id='word_1_263' title='bbox 517 3596 719 3664; x_wconf 75' lang='lat' dir='ltr'>PIETATIS</span> <span class='ocrx_word' id='word_1_264' title='bbox 735 3632 740 3646; x_wconf 93' lang='lat'>·</span> <span class='ocrx_word' id='word_1_265' title='bbox 757 3595 935 3663; x_wconf 77' lang='lat' dir='ltr'><strong>SAORVM</strong></span> <span class='ocrx_word' id='word_1_266' title='bbox 964 3597 998 3660; x_wconf 93' lang='lat' dir='ltr'>in</span> <span class='ocrx_word' id='word_1_267' title='bbox 1028 3595 1145 3661; x_wconf 85' lang='lat' dir='ltr'>Annal.</span> <span class='ocrx_word' id='word_1_268' title='bbox 1169 3594 1249 3660; x_wconf 86' lang='lat' dir='ltr'>Inst.</span> <span class='ocrx_word' id='word_1_269' title='bbox 1273 3593 1360 3659; x_wconf 87' lang='lat' dir='ltr'>arch.</span> 
     </span>
     <span class='ocr_line' id='line_1_31' title="bbox 215 3701 1361 3790; baseline -0.003 -22"><span class='ocrx_word' id='word_1_270' title='bbox 215 3707 238 3769; x_wconf 91' lang='lat' dir='ltr'>t.</span> <span class='ocrx_word' id='word_1_271' title='bbox 257 3702 371 3769; x_wconf 87' lang='lat' dir='ltr'>XVIII</span> <span class='ocrx_word' id='word_1_272' title='bbox 389 3728 419 3789; x_wconf 92' lang='lat' dir='ltr'>p.</span> <span class='ocrx_word' id='word_1_273' title='bbox 435 3705 509 3790; x_wconf 84' lang='lat'><strong>244,</strong></span> <span class='ocrx_word' id='word_1_274' title='bbox 532 3705 617 3790; x_wconf 90' lang='lat' dir='ltr'>apud</span> <span class='ocrx_word' id='word_1_275' title='bbox 632 3704 728 3771; x_wconf 88' lang='lat' dir='ltr'>Orell.</span> <span class='ocrx_word' id='word_1_276' title='bbox 746 3727 777 3768; x_wconf 94' lang='lat' dir='ltr'>n.</span> <span class='ocrx_word' id='word_1_277' title='bbox 795 3705 889 3770; x_wconf 78' lang='lat'>1824.</span> <span class='ocrx_word' id='word_1_278' title='bbox 913 3701 983 3780; x_wconf 83' lang='lat' dir='ltr'>Quo</span> <span class='ocrx_word' id='word_1_279' title='bbox 1003 3703 1156 3768; x_wconf 88' lang='lat' dir='ltr'>referrem</span> <span class='ocrx_word' id='word_1_280' title='bbox 1174 3702 1273 3766; x_wconf 88' lang='lat' dir='ltr'>etiam</span> <span class='ocrx_word' id='word_1_281' title='bbox 1292 3723 1361 3784; x_wconf 90' lang='lat' dir='ltr'>per-</span> 
     </span>
    </p>
   </div>
   <div class='ocr_carea' id='block_1_6' title="bbox 215 3811 1468 3949">
    <p class='ocr_par' dir='ltr' id='par_1_6' title="bbox 215 3811 1468 3949">
     <span class='ocr_line' id='line_1_32' title="bbox 215 3811 1468 3949; baseline -0.003 -21"><span class='ocrx_word' id='word_1_282' title='bbox 215 3868 381 3930; x_wconf 85' lang='lat' dir='ltr'>vetustum</span> <span class='ocrx_word' id='word_1_283' title='bbox 403 3865 537 3930; x_wconf 88' lang='lat' dir='ltr'>titulum</span> <span class='ocrx_word' id='word_1_284' title='bbox 556 3865 736 3932; x_wconf 89' lang='lat' dir='ltr'>Romanum</span> <span class='ocrx_word' id='word_1_285' title='bbox 760 3864 856 3930; x_wconf 91' lang='lat' dir='ltr'>hodie</span> <span class='ocrx_word' id='word_1_286' title='bbox 870 3879 945 3930; x_wconf 79' lang='lat' dir='ltr'>‘non</span> <span class='ocrx_word' id='word_1_287' title='bbox 968 3863 1177 3949; x_wconf 90' lang='lat' dir='ltr'>superstitem</span> <span class='ocrx_word' id='word_1_288' title='bbox 1196 3811 1360 3926; x_wconf 71' lang='lat' dir='ltr'>Divae·</span> <span class='ocrx_word' id='word_1_289' title='bbox 1464 3877 1468 3884; x_wconf 85' lang='lat'>·</span> 
     </span>
    </p>
   </div>
   <div class='ocr_carea' id='block_1_7' title="bbox 215 3965 1429 4484">
    <p class='ocr_par' dir='ltr' id='par_1_7' title="bbox 215 3965 1429 4484">
     <span class='ocr_line' id='line_1_33' title="bbox 216 3965 1361 4056; baseline -0.006 -20"><span class='ocrx_word' id='word_1_290' title='bbox 216 3969 456 4037; x_wconf 77' lang='lat' dir='ltr'>CORNISOAS</span> <span class='ocrx_word' id='word_1_291' title='bbox 472 4007 478 4020; x_wconf 94' lang='lat'><em>·</em></span> <span class='ocrx_word' id='word_1_292' title='bbox 494 3969 670 4037; x_wconf 84' lang='lat' dir='ltr'>SACRVM</span> <span class='ocrx_word' id='word_1_293' title='bbox 709 3971 795 4056; x_wconf 89' lang='lat' dir='ltr'>apud</span> <span class='ocrx_word' id='word_1_294' title='bbox 827 3970 1001 4037; x_wconf 84' lang='lat' dir='ltr'>Gruterum</span> <span class='ocrx_word' id='word_1_295' title='bbox 1033 3993 1063 4054; x_wconf 94' lang='lat' dir='ltr'>p.</span> <span class='ocrx_word' id='word_1_296' title='bbox 1087 3971 1143 4052; x_wconf 83' lang='lat'>88,</span> <span class='ocrx_word' id='word_1_297' title='bbox 1169 3969 1210 4032; x_wconf 91' lang='lat'>14</span> <span class='ocrx_word' id='word_1_298' title='bbox 1247 3965 1361 4052; x_wconf 90' lang='lat' dir='ltr'>(Orell.</span> 
     </span>
     <span class='ocr_line' id='line_1_34' title="bbox 215 4073 1361 4163; baseline -0.003 -21"><span class='ocrx_word' id='word_1_299' title='bbox 215 4101 246 4142; x_wconf 94' lang='lat' dir='ltr'>n.</span> <span class='ocrx_word' id='word_1_300' title='bbox 264 4077 421 4159; x_wconf 59' lang='lat'>185010.</span> <span class='ocrx_word' id='word_1_301' title='bbox 440 4078 464 4144; x_wconf 96' lang='lat' dir='ltr'>I.</span> <span class='ocrx_word' id='word_1_302' title='bbox 483 4078 518 4143; x_wconf 86' lang='lat' dir='ltr'>L.</span> <span class='ocrx_word' id='word_1_303' title='bbox 541 4077 557 4143; x_wconf 95' lang='grc' dir='ltr'>Ι</span> <span class='ocrx_word' id='word_1_304' title='bbox 580 4101 611 4143; x_wconf 92' lang='lat' dir='ltr'>n.</span> <span class='ocrx_word' id='word_1_305' title='bbox 630 4078 708 4162; x_wconf 74' lang='lat'>8143</span> <span class='ocrx_word' id='word_1_306' title='bbox 733 4075 822 4160; x_wconf 88' lang='lat' dir='ltr'>VI,l</span> <span class='ocrx_word' id='word_1_307' title='bbox 848 4098 878 4142; x_wconf 91' lang='lat' dir='ltr'>n.</span> <span class='ocrx_word' id='word_1_308' title='bbox 898 4074 980 4163; x_wconf 84' lang='lat'><strong>96]),</strong></span> <span class='ocrx_word' id='word_1_309' title='bbox 1004 4075 1032 4140; x_wconf 89' lang='lat' dir='ltr'>si</span> <span class='ocrx_word' id='word_1_310' title='bbox 1051 4073 1208 4158; x_wconf 84' lang='lat' dir='ltr'>singulari</span> <span class='ocrx_word' id='word_1_311' title='bbox 1227 4094 1361 4138; x_wconf 90' lang='lat' dir='ltr'>numero</span> 
     </span>
     <span class='ocr_line' id='line_1_35' title="bbox 217 4179 1360 4265; baseline -0.005 -16"><span class='ocrx_word' id='word_1_312' title='bbox 217 4181 439 4250; x_wconf 73' lang='lat' dir='ltr'>(torniscam</span> <span class='ocrx_word' id='word_1_313' title='bbox 477 4207 547 4250; x_wconf 90' lang='lat' dir='ltr'>esse</span> <span class='ocrx_word' id='word_1_314' title='bbox 583 4183 703 4250; x_wconf 88' lang='lat' dir='ltr'>dictam</span> <span class='ocrx_word' id='word_1_315' title='bbox 741 4181 823 4247; x_wconf 90' lang='lat' dir='ltr'>mihi</span> <span class='ocrx_word' id='word_1_316' title='bbox 854 4186 1032 4265; x_wconf 79' lang='lat' dir='ltr'>constaret3</span> <span class='ocrx_word' id='word_1_317' title='bbox 1074 4201 1172 4260; x_wconf 87' lang='lat' dir='ltr'>nunc,</span> <span class='ocrx_word' id='word_1_318' title='bbox 1208 4179 1360 4264; x_wconf 84' lang='lat' dir='ltr'>quoniam</span> 
     </span>
     <span class='ocr_line' id='line_1_36' title="bbox 217 4285 1361 4356; baseline -0.006 0"><span class='ocrx_word' id='word_1_319' title='bbox 217 4287 497 4356; x_wconf 80' lang='lat' dir='ltr'>‘Cornisearum</span> <span class='ocrx_word' id='word_1_320' title='bbox 522 4291 694 4356; x_wconf 84' lang='lat' dir='ltr'>divarum</span> <span class='ocrx_word' id='word_1_321' title='bbox 722 4288 831 4354; x_wconf 90' lang='lat' dir='ltr'>locum</span> <span class='ocrx_word' id='word_1_322' title='bbox 855 4309 924 4353; x_wconf 89' lang='lat' dir='ltr'>esse</span> <span class='ocrx_word' id='word_1_323' title='bbox 947 4293 1039 4352; x_wconf 89' lang='lat' dir='ltr'>trans</span> <span class='ocrx_word' id='word_1_324' title='bbox 1063 4286 1206 4351; x_wconf 83' lang='lat' dir='ltr'>Tiberim</span> <span class='ocrx_word' id='word_1_325' title='bbox 1229 4285 1361 4350; x_wconf 88' lang='lat' dir='ltr'>cornici·</span> 
     </span>
     <span class='ocr_line' id='line_1_37' title="bbox 217 4391 1429 4484; baseline -0.007 -24"><span class='ocrx_word' id='word_1_326' title='bbox 217 4397 278 4462; x_wconf 91' lang='lat' dir='ltr'>bus</span> <span class='ocrx_word' id='word_1_327' title='bbox 302 4397 459 4483; x_wconf 89' lang='lat' dir='ltr'>dicatum,</span> <span class='ocrx_word' id='word_1_328' title='bbox 490 4397 575 4484; x_wconf 92' lang='lat' dir='ltr'>quod</span> <span class='ocrx_word' id='word_1_329' title='bbox 598 4399 631 4463; x_wconf 94' lang='lat' dir='ltr'>in</span> <span class='ocrx_word' id='word_1_330' title='bbox 654 4397 787 4463; x_wconf 89' lang='lat' dir='ltr'>Iunonis</span> <span class='ocrx_word' id='word_1_331' title='bbox 811 4394 917 4459; x_wconf 87' lang='lat' dir='ltr'>tutela</span> <span class='ocrx_word' id='word_1_332' title='bbox 945 4414 1015 4458; x_wconf 89' lang='lat' dir='ltr'>esse</span> <span class='ocrx_word' id='word_1_333' title='bbox 1044 4391 1255 4477; x_wconf 88' lang='lat' dir='ltr'>putabantur&#39;</span> <span class='ocrx_word' id='word_1_334' title='bbox 1278 4391 1361 4458; x_wconf 86' lang='lat' dir='ltr'>Pau·</span> <span class='ocrx_word' id='word_1_335' title='bbox 1427 4444 1429 4452; x_wconf 92' lang='lat'>.</span> 
     </span>
    </p>
   </div>
   <div class='ocr_carea' id='block_1_8' title="bbox 218 4497 1362 4586">
    <p class='ocr_par' dir='ltr' id='par_1_8' title="bbox 218 4497 1362 4586">
     <span class='ocr_line' id='line_1_38' title="bbox 218 4497 1362 4586; baseline -0.003 -19"><span class='ocrx_word' id='word_1_336' title='bbox 218 4503 268 4567; x_wconf 92' lang='lat' dir='ltr'>lus</span> <span class='ocrx_word' id='word_1_337' title='bbox 291 4504 454 4571; x_wconf 83' lang='lat' dir='ltr'>Diaconus</span> <span class='ocrx_word' id='word_1_338' title='bbox 479 4527 495 4568; x_wconf 92' lang='lat' dir='ltr'>e</span> <span class='ocrx_word' id='word_1_339' title='bbox 519 4503 616 4569; x_wconf 79' lang='lat' dir='ltr'>Festo</span> <span class='ocrx_word' id='word_1_340' title='bbox 639 4501 773 4569; x_wconf 85' lang='lat' dir='ltr'>tradidIt</span> <span class='ocrx_word' id='word_1_341' title='bbox 795 4523 824 4586; x_wconf 90' lang='lat' dir='ltr'>p.</span> <span class='ocrx_word' id='word_1_342' title='bbox 844 4501 896 4584; x_wconf 90' lang='grc'><strong>64,</strong></span> <span class='ocrx_word' id='word_1_343' title='bbox 916 4500 934 4564; x_wconf 82' lang='lat'>7</span> <span class='ocrx_word' id='word_1_344' title='bbox 955 4497 1011 4584; x_wconf 86' lang='lat' dir='ltr'>M.,</span> <span class='ocrx_word' id='word_1_345' title='bbox 1041 4499 1149 4564; x_wconf 82' lang='lat' dir='ltr'>neseio</span> <span class='ocrx_word' id='word_1_346' title='bbox 1179 4521 1220 4564; x_wconf 91' lang='lat' dir='ltr'>an</span> <span class='ocrx_word' id='word_1_347' title='bbox 1243 4500 1362 4564; x_wconf 86' lang='lat' dir='ltr'>rectius</span> 
     </span>
    </p>
   </div>
   <div class='ocr_carea' id='block_1_9' title="bbox 271 4610 1148 4664">
    <p class='ocr_par' dir='ltr' id='par_1_9' title="bbox 271 4610 1148 4664">
     <span class='ocr_line' id='line_1_39' title="bbox 271 4610 1148 4664; baseline -0.007 0"><span class='ocrx_word' id='word_1_348' title='bbox 271 4627 312 4664; x_wconf 73' lang='lat' dir='ltr'>ra.</span> <span class='ocrx_word' id='word_1_349' title='bbox 327 4627 477 4664; x_wconf 77' lang='lat' dir='ltr'>mraoarau</span> <span class='ocrx_word' id='word_1_350' title='bbox 492 4627 625 4664; x_wconf 78' lang='lat' dir='ltr'>orvacvm</span> <span class='ocrx_word' id='word_1_351' title='bbox 638 4627 675 4664; x_wconf 77' lang='lat' dir='ltr'>rr.</span> <span class='ocrx_word' id='word_1_352' title='bbox 1116 4610 1148 4659; x_wconf 80' lang='lat' dir='ltr'>la</span> 
     </span>
    </p>
   </div>
   <div class='ocr_carea' id='block_1_10' title="bbox 0 0 1636 5082">
    <p class='ocr_par' dir='ltr' id='par_1_10' title="bbox 0 0 1636 5082">
     <span class='ocr_line' id='line_1_40' title="bbox 0 0 1636 5082; baseline 0 0"><span class='ocrx_word' id='word_1_353' title='bbox 0 0 1636 5082; x_wconf 95' lang='lat' dir='ltr'> </span> 
     </span>
    </p>
   </div>
  </div>
 </body>
</html>
