3246 5074
292 379 356 444 556
527 395 673 443 PRISCAE
699 394 922 442 Lnrlrvlrnrls
945 392 1202 440 nrlusarfflcan
1242 389 1248 402 ⁸

290 537 418 623 quidem
446 561 578 622 prorsus
603 537 839 602 consentientes
862 536 989 600 habeat.
1040 533 1108 600 Nec
1132 535 1218 600 enim
1241 534 1360 619 prioris
1388 534 1434 599 in·

291 639 514 729 scriptionem'
522 643 618 708 aliter
639 643 704 708 nisi
727 643 774 708 sic
796 642 966 728 legendam
990 639 1227 706 existimamus:

459 763 1269 860 uAtENVs·uANOtn1vs·fE01T

205 925 274 964 xvn
290 917 349 960 nec
373 895 511 958 alterum
535 895 777 956 monumentum
798 891 962 976 antiquius
981 891 1109 956 saeculo
1133 893 1247 956 octavo
1266 891 1434 973 credimus,

290 1001 373 1065 unde
397 1022 594 1084 consequens
623 1002 673 1064 est
699 1002 736 1063 ut
759 997 926 1063 Gabinio
951 995 1093 1063 Caleno
1123 996 1250 1062 dativus
1278 997 1433 1083 interpre-

290 1110 403 1189 temur,
430 1128 495 1172 non
523 1106 750 1172 nominativos.
791 1103 913 1170 Verum
940 1127 1007 1169 non
1036 1105 1142 1169 minna
1170 1105 1368 1170 confidenter
1395 1105 1434 1170 de

289 1217 420 1295 paterae
453 1204 618 1277 Atilianae
650 1215 683 1276 et
714 1211 853 1277 lectione
886 1215 919 1276 et
949 1214 1055 1276 aetate
1093 1210 1327 1276 adversandum
1364 1233 1435 1276 esse

289 1317 491 1384 Mommseno
522 1319 750 1404 intellegimus.
796 1317 858 1394 Qui
881 1317 967 1402 quod
991 1318 1024 1382 in
1047 1322 1161 1401 patera
1183 1339 1249 1382 non
1271 1339 1340 1406 esse
1364 1316 1433 1381 ·K·

290 1420 448 1506 ATItIO,
481 1423 536 1488 sed
568 1419 811 1489 ·l(·AT1t10
850 1423 1007 1507 scriptum
1041 1427 1154 1487 narrat
1186 1427 1301 1487 contra
1337 1427 1433 1508 atque

290 1529 496 1595 Detlefsenus
521 1534 553 1595 et
577 1531 684 1595 verbis
706 1534 846 1596 testatus
874 1533 925 1595 est
952 1533 986 1594 et
1009 1527 1198 1595 delineanda
1223 1533 1298 1595 ante
1322 1529 1433 1596 oculos

289 1638 399 1722 posuit
416 1642 450 1702 et
467 1638 637 1722 quaerenti
655 1636 830 1702 identidem
849 1636 1026 1701 affirmavit
1045 1635 1319 1721 adseveravitque,
1337 1635 1434 1702 fidem

290 1745 375 1829 apud
398 1768 449 1810 me
472 1767 537 1838 non
556 1744 683 1810 facilius
701 1745 827 1809 invenit
844 1766 940 1828 quarn
960 1743 1046 1826 quod
1065 1743 1141 1808 illas
1160 1742 1286 1808 seilicet
1305 1743 1433 1808 litteras

289 1873 384 1935 posse
408 1851 546 1917 fortasse
570 1849 591 1916 l
616 1851 662 1916 O·
679 1848 893 1917 cribrorum
915 1851 980 1936 legi
998 1849 1185 1914 dubitanter
1203 1849 1330 1914 conicit.
1364 1848 1434 1916 Nec

289 1959 370 2024 illud
394 1958 462 2023 ullo
485 1958 580 2024 modo
603 1958 776 2042 persuadet
798 1937 883 2042 quod
907 1961 1038 2042 paterae
1065 1955 1310 2041 inscriptionem
1334 1962 1434 2042 negat

289 2087 349 2148 pro
373 2065 513 2148 simplici
536 2064 628 2148 figuli
651 2063 780 2128 nomine
804 2063 1027 2148 communique
1050 2063 1193 2128 fabricae
1216 2065 1296 2127 nota
1318 2061 1433 2128 haberi

289 2192 399 2254 posse:
423 2169 505 2234 unde
529 2170 764 2236 consectarium
792 2191 862 2234 esse
891 2172 928 2234 ut
954 2169 1033 2233 item
1056 2169 1164 2234 dativo
1189 2191 1266 2234 casu
1289 2169 1431 2253 positum

289 2276 428 2342 Atilium
452 2277 561 2342 animo
585 2276 795 2342 informemus
824 2275 876 2341 cui
904 2277 1024 2341 donata
1051 2277 1102 2340 vel
1125 2276 1288 2342 destinata
1311 2276 1355 2342 sit
1378 2299 1437 2360 pas

289 2387 368 2467 tera,
392 2384 586 2468 antiquioris
606 2389 713 2448 autem
734 2383 851 2448 aetatis
871 2383 1102 2468 cogitationem
1124 2383 1235 2468 procul
1253 2383 1431 2448 habeamus

289 2491 495 2575 quantumvis
519 2490 611 2576 gravi
635 2490 753 2555 indicio
779 2487 799 2554 l
823 2490 946 2575 figurae
965 2490 1131 2555 munitam.
1146 2488 1216 2560 ‚Ad
1234 2489 1314 2554 haec
1332 2491 1432 2575 igitur

290 2596 473 2681 repellenda
495 2596 605 2661 omnia
627 2595 790 2660 communi
813 2598 1004 2680 argumento
1023 2594 1086 2660 hoc
1104 2599 1178 2660 utor
1192 2596 1277 2681 quod
1296 2597 1328 2661 in
1348 2597 1432 2683 figli-

288 2704 339 2768 nis
363 2702 493 2768 Oalenis
517 2701 733 2787 (adquorum
757 2701 945 2766 societatem
973 2701 1027 2766 vix
1050 2701 1162 2766 dubito
1185 2703 1284 2767 etiam
1308 2703 1430 2769 Detlef·

290 2811 360 2876 seni
383 2815 530 2895 pateram
554 2806 688 2892 referre)
711 2829 778 2872 nou
801 2830 900 2872 unum
918 2830 976 2872 nec
994 2831 1107 2893 pauca,
1129 2809 1184 2874 sed
1204 2810 1309 2875 multa
1328 2832 1431 2875 exem·

288 2917 344 3000 pla
366 2917 514 2999 inscripti
539 2911 750 2980 KnTltIO
773 2914 927 2997 nominis,
951 2915 1052 2979 etsie
1076 2915 1205 3000 quidem
1228 2917 1356 3002 scripti,
1379 2941 1430 2983 ex-

290 3025 376 3104 stare
386 3021 619 3087 Gnidobaldius
634 3025 773 3086 testatus
792 3025 851 3104 est,
869 3021 959 3086 cuius
978 3022 1078 3086 verba
1095 3022 1172 3088 fasc.
1186 3022 1235 3089 ΙΙΙ
1249 3047 1281 3109 p.
1295 3023 1374 3088 XIV
1385 3047 1430 3110 sq.

290 3128 382 3209 [532]
398 3128 501 3213 posui.
524 3127 590 3193 Tot
608 3131 715 3192 autem
730 3127 871 3192 eiusdem
891 3129 1020 3212 generis
1038 3135 1247 3196 monumenta
1265 3134 1430 3218 numquis

288 3235 345 3300 uni
368 3235 430 3301 soli
452 3233 492 3300 K.
512 3234 615 3300 Atilio
640 3234 779 3320 cuipiam
804 3256 873 3299 esse
896 3234 1003 3299 dicata
1026 3237 1154 3300 credet?
1181 3273 1219 3284 —-
1244 3237 1334 3314 Quae
1357 3261 1430 3303 cum

288 3343 336 3406 ita
359 3365 394 3407 se
416 3341 571 3427 babeant,
593 3343 647 3407 vix
671 3363 741 3408 csse
765 3341 937 3406 verendum
961 3345 1112 3427 putamus
1135 3365 1175 3408 ne
1198 3349 1328 3428 praeter
1351 3347 1431 3412 veri·

288 3453 388 3514 tutem
411 3451 562 3534 priscae
590 3449 765 3515 latinitatis
789 3449 988 3514 documentis
1011 3449 1095 3514 hanc
1117 3451 1224 3536 ipsam
1248 3452 1430 3538 inscriptio-

288 3578 363 3622 nem
386 3557 558 3622 inseruisse
582 3556 758 3622 videamur.

377 3843 530 3928 Superest
548 3845 584 3907 ut
603 3843 783 3908 lamellae
798 3843 1070 3929 Bononiensis,
1089 3845 1138 3908 vel
1154 3844 1263 3928 potius
1278 3845 1430 3912 dimidiae

288 3952 392 4036 partis
416 3951 502 4015 illius
527 3949 624 4033 aeris,
647 3971 744 4034 quam
767 3971 839 4014 cum
862 3947 939 4014 fasc.
959 3949 992 4014 II
1015 3973 1046 4034 p.
1064 3949 1127 4014 XII
1144 3951 1238 4032 [519]
1263 3956 1332 4016 tum
1351 3950 1429 4018 fasc.

287 4057 337 4123 111
352 4081 382 4142 p.
395 4057 457 4122 XV
473 4057 566 4138 [533]
583 4079 651 4141 sqq.
666 4057 885 4140 tractavimus,
905 4060 938 4121 et
956 4057 1115 4142 originem
1130 4061 1163 4122 et
1176 4057 1271 4122 fidem
1291 4057 1429 4126 vindice-

289 4189 368 4231 mus.
409 4165 501 4242 Quod
525 4187 596 4229 cnm
614 4165 766 4248 facimus,
789 4165 885 4229 simul
900 4165 1112 4250 Raphaelis
1131 4164 1333 4230 Garruccii
1358 4165 1430 4230 fidei

288 4271 467 4337 consulitur
488 4271 668 4356 honorique
696 4271 822 4337 satisfit.
867 4272 900 4336 Is
925 4273 1011 4336 enim
1034 4271 1119 4356 quod
1142 4294 1176 4337 ee
1199 4273 1429 4357 praestiturum

289 4378 494 4461 promiserat,
518 4381 608 4443 stans
627 4377 786 4462 promisso
812 4378 864 4443 his
883 4379 1048 4462 praestitit
1066 4400 1148 4463 quae
1166 4401 1224 4462 per
1241 4379 1370 4444 litterae
1389 4379 1430 4444 ad

289 4505 348 4548 uos
367 4485 546 4568 perscripta
565 4484 651 4547 infra
669 4485 835 4568 posuimus
858 4485 937 4568 ipsis
959 4485 995 4548 ut
1014 4507 1073 4568 par
1091 4489 1142 4550 eat
1160 4485 1267 4550 verbis
1285 4485 1430 4552 servatis.
