3216 5082
292 389 358 457 502
529 395 673 456 Pmsorn
698 403 922 453 nnmnmsrrs
946 401 1204 452 erronsrmosu

292 553 472 646 graphan.
496 551 534 616 11
560 547 692 636 (iterata
714 549 749 614 in
771 549 807 614 P.
830 547 865 613 L.
888 546 931 613 M.
955 546 992 612 Ε.
1015 549 1081 614 tab.
1096 546 1191 632 VIII,
1216 548 1256 614 l'l
1282 545 1330 629 [O.
1353 545 1380 610 I.
1402 545 1438 610 L.

292 659 307 722 1
331 681 362 725 m
382 656 490 744 664]):

793 759 936 827 LXXX

293 977 358 1043 Vbi
382 977 457 1060 etsi,
485 977 561 1062 quid
590 976 653 1041 sibi
677 867 879 1041 velintVV
897 976 1039 1054 litterae,
1071 975 1214 1040 nondum
1238 975 1318 1040 estis
1342 995 1438 1058 expe·

293 1085 396 1150 ditum
429 1089 493 1168 est,
524 1087 634 1148 tamen
670 1105 735 1148 non
768 1104 838 1146 esse
871 1083 909 1147 de
937 1082 1033 1166 leia
1061 1081 1194 1148 Victrice
1227 1082 1438 1167 cogitandum

292 1213 375 1276 qnae
398 1189 558 1256 Traianae
583 1189 700 1254 aetatis
723 1189 801 1272 fuit,
831 1189 887 1253 sed
910 1189 949 1254 de
972 1189 1049 1253 belli
1073 1187 1205 1268 Marsici
1228 1189 1439 1273 temporibus,

293 1299 410 1384 quibus
434 1319 505 1363 eam
529 1297 681 1382 glandem
705 1296 883 1361 eommunis
907 1317 979 1360 eum
1002 1295 1076 1360 eliis
1091 1295 1257 1360 similibus
1281 1317 1319 1359 ex
1334 1295 1439 1379 Apru-

293 1405 373 1468 tinis
405 1409 580 1488 proventus
613 1403 778 1488 adsignat,
810 1403 878 1466 iure
906 1425 965 1468 suo
998 1402 1103 1468 editor
1130 1401 1296 1468 Romanus
1323 1425 1353 1487 p.
1373 1402 1439 1468 209

294 1510 480 1594 disputavit
513 1509 599 1576 Nam
617 1511 718 1594 ipsius
738 1510 875 1595 legionis
890 1507 1000 1574 XXVI
1020 1510 1081 1574 etsi
1100 1509 1179 1574 item
1203 1509 1384 1594 exemplum
1403 1509 1440 1573 in

294 1619 447 1700 promptu
471 1620 521 1682 est
539 1617 656 1703 lapidis
669 1616 820 1682 Votiesni
839 1616 923 1700 apud
943 1615 1080 1681 eundem
1098 1613 1286 1680 Hennenum
1305 1637 1335 1680 n.
1350 1615 1439 1681 6493

295 1722 523 1809 [0.1.L.V1,1
541 1724 692 1808 n.1460]‚
711 1729 823 1789 tamen
836 1723 922 1788 hune
936 1722 1067 1788 titulum
1087 1723 1127 1788 sd
1138 1721 1340 1808 Augusteum
1355 1726 1441 1788 sete-

293 1835 360 1896 tem
379 1831 580 1896 referendum
604 1852 674 1896 esse
697 1831 764 1896 iam
787 1829 985 1915 Borghesius
1008 1829 1119 1894 docuit
1135 1827 1267 1894 Observ.
1290 1829 1441 1896 numism.

294 1937 425 2020 deo.l,8
441 1959 471 2020 p.
484 1937 546 2002 153
557 1959 603 2021 sq.
623 1936 775 2001 editionis
793 1935 1068 2000 luculentissimae
1088 1935 1292 2020 eiusdemque
1311 1939 1443 2020 exopta·

295 2043 440 2108 tissimee
459 2043 634 2116 Parisinus.
669 2042 792 2107 Verum
813 2041 879 2106 illis
903 2045 1014 2106 tamen
1036 2043 1190 2125 exemplis
1209 2042 1341 2108 minime
1359 2043 1442 2108 satis

295 2149 365 2213 fieri
385 2149 620 2214 consedendum
645 2152 707 2232 est,
730 2152 767 2212 ut
785 2169 867 2231 quae
887 2147 1062 2231 septimum
1085 2147 1248 2212 soeculum
1267 2152 1355 2214 certo
1375 2171 1441 2214 non

297 2262 450 2341 superent
474 2256 682 2340 antiquitate:
714 2257 906 2320 notantem
936 2254 970 2318 in
993 2253 1194 2338 temporibus
1217 2255 1295 2319 belli
1318 2255 1442 2322 Hanni-

295 2361 394 2428 balioi
413 2385 589 2446 versamur,
612 2362 663 2426 vel
688 2365 723 2426 ut
741 2360 860 2426 rectius
881 2359 996 2444 dicem,
1018 2360 1052 2424 in
1076 2359 1123 2424 eis
1142 2382 1223 2444 quoe
1241 2361 1322 2427 illud
1342 2363 1443 2428 etiam

295 2472 547 2534 antecesserunt.
582 2465 644 2532 Per
661 2466 758 2531 huius
777 2469 885 2532 sutem
904 2465 983 2532 belli
1001 2469 1149 2550 tempora
1166 2464 1294 2532 Livium
1312 2472 1444 2533 constet

295 2576 382 2641 ultra
404 2577 579 2642 vicesimam
602 2571 757 2658 (XXVII,
779 2573 828 2638 14.
852 2571 910 2660 38)
938 2576 1026 2638 nerto
1048 2573 1179 2638 nomine
1205 2571 1237 2637 b.
1257 2595 1283 2639 e.
1305 2595 1443 2640 numero

294 2683 455 2768 legionem
483 2682 609 2747 nullam
638 2701 826 2746 memorare.
871 2677 942 2744 Neo
964 2683 1074 2744 temen
1101 2679 1134 2744 id
1163 2701 1229 2744 non
1252 2681 1341 2747 casui
1363 2681 1443 2747 dan·

295 2789 371 2854 dum
395 2811 464 2854 esse
488 2788 561 2853 inde
585 2791 734 2877 apparot,
761 2787 847 2872 quod
876 2786 972 2852 oertis
1000 2785 1094 2851 annis
1118 2785 1311 2870 quibusdam
1334 2809 1355 2852 a
1376 2785 1443 2854 Ro-

296 2894 400 2959 manis
423 2915 488 2959 uns
511 2899 692 2980 pugnatum
716 2915 787 2958 esse
809 2916 875 2958 una
893 2897 926 2958 et
944 2893 1060 2979 viginti
1079 2891 1213 2978 (XXVI,
1231 2894 1283 2960 28.
1305 2893 1444 2980 XXVII,

296 3001 354 3083 22)
378 3004 474 3085 atque
498 3002 578 3066 adeo
597 3002 701 3066 tribus
721 3003 754 3065 et
772 3000 890 3086 viginti
909 3001 1091 3086 legIonibus
1106 2997 1239 3087 (XXVI,
1256 3001 1282 3065 1.
1305 2999 1443 3086 XXVII,

296 3102 353 3190 36)
380 3105 466 3170 idem
496 3107 624 3172 scribit:
661 3129 740 3192 quos
770 3106 885 3191 quibus
918 3107 1051 3172 tandem
1081 3107 1266 3172 nominibus
1297 3108 1363 3173 nisi
1393 3109 1442 3174 eis

296 3211 401 3276 dictas
424 3213 556 3296 putabis
579 3236 660 3298 quae
685 3235 705 3278 a
726 3235 935 3279 numerorum
959 3213 1040 3280 serie
1064 3213 1279 3280 ducerentur?
1312 3216 1442 3301 quondo

296 3319 492 3403 cognomina
515 3324 605 3386 aetas
629 3321 688 3386 illo
709 3321 801 3386 nulla
823 3321 923 3386 novit
967 3319 1101 3386 Accedit
1123 3324 1241 3404 autem,
1265 3323 1350 3408 quod
1373 3345 1442 3388 me-

296 3426 374 3490 ximi
397 3427 430 3491 in
455 3449 570 3526 caussa
591 3431 704 3493 nostre
726 3429 883 3494 momenti
906 3449 976 3492 esse
999 3427 1229 3513 intellegimus.
1264 3429 1336 3506 Qua
1355 3430 1442 3494 eninr

296 3533 489 3598 necessitate
517 3534 594 3599 illos
622 3556 773 3600 numeros
797 3557 852 3599 eos
881 3535 970 3617 ipsos
998 3533 1084 3598 dices
1107 3533 1162 3618 qui
1186 3557 1206 3599 a
1227 3535 1252 3599 I
1275 3535 1444 3620 pertinent

297 3639 337 3703 ad
360 3637 516 3703 XXIII?
561 3639 614 3704 An
642 3641 814 3726 quiequam
842 3642 954 3705 obstat
981 3641 1152 3725 quominus
1178 3663 1245 3707 non
1268 3663 1442 3707 renovasse

296 3745 462 3810 Romanos
485 3747 624 3829 pristine
646 3747 791 3830 nomina,
819 3747 874 3812 sed
902 3747 1081 3830 perrexisse
1108 3747 1309 3813 numerando
1332 3747 1442 3812 ereda·

297 3874 381 3936 mus,
414 3853 441 3916 si
465 3875 547 3938 quse
574 3853 719 3939 legiones
747 3854 799 3918 vel
826 3853 1027 3918 interiissent
1053 3855 1105 3918 vel
1128 3855 1281 3919 dimissae
1309 3853 1441 3918 essent?

297 3957 356 4042 Vt,
380 3960 408 4023 si
432 3981 496 4044 quo
525 3981 610 4025 snno
637 3980 705 4024 non
732 3959 842 4044 plures
870 3981 968 4044 quam
996 3963 1151 4044 quattuor
1179 3965 1299 4044 essent,
1330 3962 1441 4024 tomen

298 4087 353 4130 eoo
376 4088 442 4132 non
459 4067 488 4131 Ι.
507 4065 557 4132 ΙΙ.
575 4065 646 4131 ΙΙΙ.
665 4067 690 4130 Ι
693 4065 724 4133 V
732 4065 914 4131 dicerentur
933 4067 997 4150 sed,
1016 4071 1053 4132 ut
1071 4068 1143 4152 ipso
1163 4067 1310 4152 exemplo
1327 4069 1439 4131 nostro

296 4177 436 4258 utemur,
472 4174 497 4238 I
516 4177 547 4237 et
570 4223 577 4238 .
597 4223 631 4238 ..
654 4177 687 4237 et
710 4176 827 4239 ...st
850 4173 995 4240 XXVI?
1032 4173 1124 4250 Quod
1148 4175 1177 4240 si
1195 4175 1296 4288 ita,se
1314 4173 1440 4257 habuit,

297 4279 479 4344 offendendi
502 4301 649 4346 caussam
673 4302 800 4346 omnem
829 4303 900 4346 esse
924 4281 1087 4346 sublatam
1110 4282 1220 4346 sentis.
1243 4317 1287 4328 —
1310 4279 1439 4344 TItulus

297 4405 374 4448 sane
396 4383 600 4454 Minucianus
625 4389 653 4453 si
677 4411 714 4453 ex
739 4389 790 4452 eis·
809 4393 908 4472 esset,
936 4411 1072 4472 quorum
1101 4387 1290 4472 apographa
1311 4389 1439 4450 tantum

298 4489 456 4554 maiorum
481 4497 570 4558 aetas
593 4495 689 4560 nobis
711 4493 868 4580 prodidit,
891 4517 955 4562 non
980 4495 1165 4560 dubitamus
1188 4495 1267 4579 quin
1290 4493 1440 4558 exstituri
