3216 5082
325 375 390 442 512
558 391 705 442 emscnn
727 391 956 441 normensis
978 389 1238 440 surculamen

322 533 397 600 Nisi
419 535 504 619 quod
527 555 624 600 versu
654 534 757 600 altero
785 533 885 599 etiam
908 531 1114 598 DIODORue
1139 554 1220 616 may.
1243 553 1315 616 aqu.
1338 535 1390 600 vel
1413 535 1472 599 uli·

323 642 400 727 quid
423 642 528 706 simile
551 641 709 726 scriptum
733 662 803 706 esse
826 641 942 724 potuit

412 961 541 1028 Abhinc
567 962 734 1028 biennium
762 983 836 1026 cum
863 960 968 1027 Musei
998 961 1110 1045 philol.
1132 959 1280 1026 Rhenani
1304 961 1368 1028 vol.
1392 961 1472 1027 XVI

323 1091 354 1152 p.
373 1069 438 1134 612
463 1072 577 1154 [supra
599 1093 630 1154 p.
648 1071 729 1152 491]
754 1070 795 1134 ad
818 1068 960 1152 lapidem
982 1067 1279 1134 Praenestinum
1303 1069 1382 1133 satis
1406 1091 1471 1132 me

323 1176 517 1242 morabilem
541 1177 684 1242 animum
704 1175 930 1258 advertissem,
953 1195 1048 1258 quem
1071 1174 1170 1238 etiam
1193 1195 1279 1240 nunc
1303 1177 1431 1240 exstare
1454 1197 1471 1238 e

323 1281 492 1348 Garruccii
519 1283 553 1348 in
580 1283 698 1348 Annal.
727 1282 803 1346 inst
835 1281 922 1347 arob.
950 1285 972 1346 t
998 1279 1124 1346 XXXII
1154 1303 1186 1366 p.
1209 1280 1273 1346 237
1307 1281 1471 1346 mentione

322 1388 520 1474 didicissem,
543 1411 618 1456 mox
641 1389 790 1473 precibus
813 1389 894 1453 meis
916 1391 1121 1473 expugnatus
1143 1386 1325 1454 Guilelmus
1347 1387 1472 1454 Henne-

322 1517 383 1558 nus
406 1495 600 1560 transmisso
629 1495 698 1560 eius
722 1495 812 1560 tituli
835 1498 952 1582 ectypo
976 1494 1148 1562 chartaceo
1177 1515 1244 1560 non
1267 1495 1472 1561 mediocriter

323 1623 375 1666 me
399 1601 462 1666 sibi
486 1623 557 1667 esse
581 1601 765 1668 deductum
789 1603 900 1668 voluit
932 1601 1003 1679 Quo
1027 1602 1175 1686 exemplo
1198 1601 1296 1667 etiam
1320 1605 1389 1664 tum
1404 1598 1470 1666 Ro

323 1731 395 1774 mae
419 1712 547 1774 servato
567 1707 757 1776 rI'beodorus
776 1709 996 1776 Mommsenus
1019 1732 1097 1775 usus
1120 1708 1232 1794 paucis
1256 1707 1295 1772 de
1314 1729 1351 1772 eo
1370 1706 1470 1771 titulo
1492 1790 1497 1798 ι

322 1817 603 1882 commentabatur
629 1816 662 1880 in
687 1815 892 1882 ‘Bullettino’
915 1816 993 1882 lust.
1018 1815 1261 1882 1111111862
1291 1837 1332 1878 m.
1355 1811 1470 1877 Martii

322 1945 352 2006 p.
372 1923 414 1988 38
435 1945 480 2006 sq.
518 1921 607 1998 Quae
631 1921 810 2006 disputatio
834 1945 907 1988 cum
931 1927 1035 1988 certos
1058 1921 1217 2007 quosdam
1243 1920 1412 2006 scrupulos
1436 1920 1470 1984 in

323 2029 432 2092 animo
462 2050 532 2094 meo
560 2028 759 2112 reliquisset,
791 2051 811 2093 a
838 2029 994 2114 singulari
1017 2028 1161 2094 Henneni
1191 2029 1345 2094 comitate
1372 2026 1470 2092 facile

322 2135 533 2219 impetratum
562 2139 612 2199 ert
639 2139 677 2200 ut
699 2156 818 2200 novum
841 2135 876 2199 in
905 2158 982 2202 usus
1006 2157 1095 2200 meos
1119 2137 1268 2220 ectypum
1291 2137 1471 2220 pararetur,

323 2263 387 2327 quo
411 2262 484 2306 oum
506 2242 613 2326 priore
636 2241 693 2306 illo
717 2242 869 2326 religiose
893 2242 1023 2309 conlato
1041 2243 1142 2307 talem
1164 2263 1249 2307 nunc
1272 2241 1405 2308 titulum
1428 2241 1470 2306 ad

322 2348 427 2433 ipsam
459 2347 556 2412 fidem
592 2347 741 2414 veritatis
780 2353 1023 2434 repraesentare
1061 2348 1155 2414 licuit
1190 2349 1319 2434 qualem
1355 2347 1471 2414 tabula

322 2457 435 2522 nostra
459 2455 519 2520 sub
542 2455 577 2520 B
599 2455 739 2521 exbibet.

410 2561 594 2628 Hauseram
618 2565 725 2628 autem
749 2563 818 2628 cius
841 2562 1064 2648 inscriptionis
1091 2562 1243 2628 notitiam
1267 2583 1284 2626 e
1307 2559 1471 2628 Leonardi

322 2665 472 2736 Ceceonii
500 2671 644 2756 episcopi
671 2667 901 2736 Montaltensis
930 2667 1051 2735 ‘Storia
1080 2669 1114 2734 di
1137 2667 1332 2736 Palestrina'
1356 2668 1471 2735 Asculi

274 2791 308 2833 VI
323 2799 351 2842 a
373 2777 458 2842 1756
481 2777 582 2860 edita,
605 2777 661 2860 qui
684 2779 846 2861 repertam
867 2776 931 2840 ‘tra
949 2776 980 2840 le
998 2777 1111 2843 rovinc
1130 2777 1277 2842 esistenti
1301 2796 1414 2862 presso
1438 2777 1472 2840 la

322 2881 441 2947 Obiesa
463 2882 549 2947 della
571 2881 735 2948 Madonna
763 2881 838 2947 dell'
862 2881 994 2968 Aquila’
1022 2887 1147 2948 testans
1174 2882 1238 2949 boc
1265 2883 1334 2947 eius
1363 2903 1470 2948 exem·

321 2989 413 3088 plum
435 2988 545 3072 posuit
566 3011 597 3073 p.
616 2989 658 3053 39
683 2985 842 3070 [=c.1.
865 2987 900 3052 L.
924 2989 940 3052 I
962 3011 994 3054 11.
1014 2989 1068 3073 73;
1093 2989 1132 3054 cf.
1156 2989 1238 3055 Add.
1261 3011 1293 3074 p.
1311 2988 1407 3070 554J:

675 3145 1107 3214 APOLON....

676 3269 1111 3338 Manlum...

684 3393 944 3462 MAGISTER
954 3446 1111 3462 ......

684 3517 1109 3586 GORAVERO...

685 3659 889 3727 clareio
913 3608 1018 3727 ut'f
1039 3712 1047 3728 .
1070 3713 1078 3728 .
1102 3713 1109 3727 .

588 3859 591 3864 ,
683 3783 1107 3852 arruns...

1240 3607 1261 3656 ‘l
1275 3611 1306 3652 εἰσ

319 3949 412 4014 Vnde
435 3946 600 4032 profectus
623 3944 785 4010 Petrinius
808 3947 843 4011 in
862 3945 1029 4014 ‘Memoria
1052 3945 1240 4010 Prencstine
1263 3946 1409 4032 disposta
1431 3947 1467 4012 in

318 4057 426 4120 forma
448 4053 481 4117 di
505 4052 639 4136 annali',
666 4051 790 4118 Romae
814 4053 989 4137 publicatis
1012 4075 1040 4118 1.
1063 4053 1158 4137 1795,
1185 4054 1292 4118 minus
1316 4058 1466 4120 accurate

319 4159 451 4244 repetiit
473 4182 504 4244 p.
523 4159 587 4226 333
609 4181 639 4224 11.
655 4157 698 4224 25
721 4165 755 4224 et
772 4159 889 4225 iterum
909 4183 939 4246 p.
954 4161 1016 4226 341
1037 4161 1136 4245 1136,
1158 4163 1320 4244 repertam
1340 4161 1466 4246 ‘presso

225 4317 231 4330 .
318 4264 449 4332 l'antico
476 4264 572 4332 Foro'
601 4265 719 4330 dicens.
773 4265 883 4332 Fracti
910 4267 945 4331 in
972 4267 1051 4332 duas
1083 4270 1193 4352 partes
1226 4265 1343 4352 lapidis
1371 4267 1465 4331 valde

319 4371 491 4438 dolendum
516 4375 566 4438 est
588 4369 775 4436 inferiorem
803 4375 928 4455 partem
958 4371 1006 4438 ita
1029 4373 1076 4438 uti
1100 4373 1213 4438 tabula
1235 4376 1349 4438 nostra
1371 4371 1466 4438 docet

319 4479 353 4544 in
376 4479 481 4544 medio
506 4500 600 4544 versu
624 4478 901 4561 antepaenultimo
924 4478 1085 4544 divulsam
1108 4501 1194 4545 nunc
1215 4477 1361 4563 periisse.
