3166 5084
309 365 353 430 42
577 385 678 432 nnsis
702 385 854 432 nvnnrsn
877 385 961 434 PARS
986 385 1190 434 svrsnsrns.

309 526 392 610 eipei
416 531 515 612 curet,
538 528 608 594 nise
628 532 632 607 Ι
653 507 706 612 iei,
729 551 809 613 quos
828 528 913 593 inter
928 528 962 592 id
981 529 1133 594 iudicium
1157 529 1335 613 accipietur
1352 529 1449 595 leisue

308 633 557 718 contestabitur,
577 638 582 714 Ι
602 634 661 699 ieie
689 635 875 700 nominibus
909 635 1043 715 fuerint,
1076 657 1156 721 quae
1188 637 1223 701 in
1251 658 1363 702 earum
1390 659 1451 722 que

308 739 448 806 formula
475 763 572 824 supro
601 744 716 827 sorpto
740 747 798 828 est,
818 742 823 826 Ι
844 747 877 808 et
899 744 981 808 nissi
1005 744 1051 808 sei
1074 741 1218 808 Mutinae
1242 765 1281 809 ea
1303 766 1356 810 res
1379 765 1450 830 ege
1470 767 1505 814 so
1562 805 1563 814 2

307 853 369 913 tor.
419 848 513 913 neiue
547 849 618 933 quis
647 851 852 935 magistratus
883 871 982 935 prone
1012 853 1213 936 magistratu,
1233 851 1239 937 Ι
1259 853 1354 916 neiue
1381 852 1450 938 quis
1562 927 1563 930 Ἴ

307 977 366 1038 pro
398 977 461 1040 quo
490 954 625 1040 imperio
660 957 863 1039 potestateue
897 955 972 1040 erit,
1008 956 1213 1040 intereedito,
1244 953 1349 1038 neitue
1377 958 1450 1042 quid

307 1062 393 1128 aliud
416 1062 517 1128 tacito
541 1084 603 1149 quo
627 1062 733 1128 minus
757 1061 793 1127 de
816 1085 854 1128 ea
876 1084 909 1127 re
931 1063 977 1128 ita
999 1063 1152 1130 iudicium
1175 1065 1294 1145 detur}

855 1197 964 1308 n·

306 1367 536 1452 iudiceturque.
557 1366 562 1450 Ι

199 1472 275 1538 XXI
308 1473 338 1538 A
362 1497 585 1560 quoquomqite
610 1475 748 1560 pecunie
775 1479 863 1540 certa
885 1475 1020 1560 eredita,
1048 1475 1178 1560 signeto
1200 1475 1306 1540 torma
1328 1477 1454 1560 prtblioa
1562 1469 1563 1496 ³

305 1583 428 1665 popetei
450 1581 610 1666 Rorionei,
632 1582 668 1646 in
686 1603 795 1647 eornm
814 1603 878 1666 quo
898 1583 1009 1665 oppido
1028 1584 1198 1666 nampio
1217 1583 1340 1648 solonio
1362 1605 1452 1669 proo-
1562 1615 1563 1668 j

303 1690 422 1770 foetura
441 1691 446 1772 Ι
465 1690 533 1756 foro
560 1691 628 1758 uico
661 1690 862 1755 conciliabulo
890 1689 1071 1774 castellone,
1103 1713 1184 1774 quae
1213 1693 1288 1755 sunt
1315 1694 1453 1756 eruntne

306 1796 339 1860 in
364 1797 471 1862 Gallie
498 1797 690 1881 eiselpeina,
717 1799 859 1880 petetur,
887 1818 969 1881 quae
996 1818 1048 1860 res
1071 1819 1138 1862 non
1158 1795 1162 1882 Ι
1183 1797 1286 1880 pluris
1310 1796 1366 1864 HS
1389 1785 1453 1865 1111

279 1905 381 1988 ierit,
405 1905 451 1970 sei
475 1905 504 1970 is
528 1927 599 1969 eam
623 1904 790 1989 pecuniam
813 1904 848 1968 in
871 1905 941 1969 iure
965 1905 1050 1988 opud
1069 1923 1156 1988 eum,
1184 1905 1258 1988 quei
1281 1904 1348 1970 ibei
1370 1905 1454 1972 iuret
1562 1971 1563 1976 ,

306 2011 453 2078 ἀθίσωηᾶο
474 2014 620 2097 praeerit,
649 2012 678 2076 ei
701 2012 774 2096 quei
795 2011 800 2095 Ι
820 2033 891 2076 eam
914 2015 1017 2096 petet,
1046 2015 1102 2076 aut
1129 2011 1158 2076 ei
1182 2012 1296 2096 quoius
1318 2013 1485 2080 nominee

306 2119 349 2184 ab
382 2141 420 2186 eo
452 2121 596 2204 petetur,
633 2118 708 2183 dare
738 2123 875 2202 oportere
906 2117 1062 2183 debereue
1095 2140 1129 2184 se
1165 2119 1332 2184 confessus
1354 2115 1360 2205 Ι
1380 2121 1454 2204 erit,

304 2249 409 2312 neque
444 2226 476 2291 id
510 2226 595 2311 quod
628 2227 793 2292 confessus
821 2225 883 2290 erit
915 2225 1022 2290 soluet
1044 2226 1166 2290 satisue
1193 2225 1303 2308 feoiet,
1331 2230 1390 2292 aut
1417 2250 1452 2292 se
1562 2269 1563 2278 ÷

305 2335 479 2420 sponsione
499 2339 505 2415 1
524 2333 706 2418 iudicioque
728 2333 835 2416 uteipe
859 2333 1023 2418 oportebit
1045 2355 1112 2398 non
1131 2333 1290 2417 defendet,
1314 2334 1405 2400 seiue
1424 2335 1452 2400 is
1562 2333 1563 2406 i

301 2435 377 2506 ibei'
391 2441 427 2507 de
450 2463 489 2508 eo
512 2462 543 2506 re
565 2441 599 2506 in
622 2442 691 2506 iure
713 2462 780 2506 non
800 2438 804 2526 Ι
825 2439 1027 2524 responderit
1048 2461 1152 2524 neque
1176 2439 1213 2504 de
1236 2461 1275 2504 ea
1296 2461 1329 2505 re
1353 2463 1452 2525 spon·
1562 2455 1563 2466 ¹

302 2548 427 2614 sionem
449 2549 549 2614 teeiet
570 2571 673 2634 neque
696 2547 815 2614 iudicio
839 2548 906 2612 utei
929 2547 1093 2631 oportebit
1113 2545 1117 2629 Ι
1138 2569 1172 2612 se
1195 2545 1361 2612 defendet:
1380 2553 1451 2614 tum
1562 2563 1563 2648 Ι

301 2655 340 2721 de
363 2678 415 2740 eo,
443 2679 462 2721 a
490 2679 553 2741 quo
582 2679 620 2721 ee
647 2655 786 2740 pecunie
813 2654 936 2739 peteite
959 2655 1033 2736 erit,
1057 2654 1158 2742 deque
1182 2674 1220 2719 eo
1244 2653 1320 2739 quoi
1345 2677 1421 2721 eam
1446 2655 1450 2740 Ι
1562 2693 1563 2736 3

300 2764 470 2848 pecuniam
492 2764 580 2828 darei
602 2763 762 2846 oportebit,
786 2764 915 2845 siremps
936 2784 988 2826 res
1011 2762 1063 2826 lex
1081 2761 1132 2826 ins
1151 2783 1328 2846 censeoque
1349 2764 1450 2828 omni·
1471 2778 1500 2827 10

301 2871 356 2936 bue
378 2872 519 2936 omnium
548 2891 651 2935 rerum
675 2873 760 2952 esto,
788 2873 886 2953 etque
913 2867 981 2934 otei
1010 2871 1094 2933 esset
1117 2891 1227 2934 essene
1247 2873 1252 2949 1
1273 2873 1451 2954 oporteret,
1562 2915 1563 2950 Ι

302 2978 349 3043 sei
372 2977 412 3062 is,
440 2977 514 3064 quei
542 2978 590 3042 ita
612 2976 777 3042 confessus
806 2975 868 3041 erit
900 2979 957 3040 aut
984 2975 1020 3040 de
1044 2997 1083 3040 eo
1101 2997 1134 3040 re
1155 2998 1221 3041 non
1243 2975 1451 3060 responderit

302 3088 359 3150 aut
386 3107 420 3150 se
441 3081 445 3171 Ι
467 3084 639 3168 sponsione
673 3083 853 3170 iudicioque
881 3084 946 3148 ntei
975 3085 1139 3168 oportebit
1165 3107 1232 3150 non
1259 3082 1451 3166 defenderit,

301 3190 370 3255 eius
394 3191 551 3275 pecuniae
574 3191 626 3274 iei,
646 3187 650 3276 Ι
672 3191 745 3275 quei
769 3213 841 3256 eam
861 3213 919 3256 suo
938 3192 1068 3258 nomine
1087 3191 1219 3276 petierit
1236 3191 1356 3276 quoius
1375 3213 1448 3256 earn

301 3295 388 3362 deret
420 3297 578 3382 oportebit,
611 3319 649 3362 ex
681 3297 827 3364 iudieieis
859 3297 962 3363 deteis
994 3295 1186 3384 iudiioereue
1214 3303 1300 3363 reete
1330 3297 1450 3362 iusseis

301 3405 369 3468 iure
397 3405 468 3490 lege
496 3405 667 3470 damnatus
696 3409 782 3470 esset
810 3405 941 3470 fuisset:
1016 3405 1317 3491 quoiquequomqne
1337 3407 1342 3484 Ι
1363 3403 1499 3470 linitio

300 3511 419 3577 IIIIuir
442 3511 660 3596 praefectorius
683 3512 758 3594 pbei
781 3512 862 3577 ieret
884 3513 1031 3578 demendo
1053 3516 1196 3598 praeerit,
1219 3513 1349 3595 iseum,
1373 3511 1450 3596 quei

301 3618 348 3683 ite
375 3617 452 3702 quid
479 3617 645 3684 confessus
674 3620 735 3683 erit
755 3617 760 3704 Ι
779 3641 883 3704 neque
910 3619 942 3683 id
970 3620 1077 3685 soluet
1100 3619 1220 3684 satisne
1243 3619 1350 3702 faciet,
1373 3640 1450 3703 euni

302 3725 376 3810 quei
400 3747 433 3816 se
457 3724 630 3809 sponsione
653 3725 811 3808 iudiciope
835 3726 943 3808 uteipe
964 3731 969 3806 Ι
990 3727 1154 3810 oportebit
1180 3749 1244 3792 non
1267 3724 1450 3790 defenderit

301 3832 413 3896 autin
438 3833 505 3897 iure
528 3854 594 3897 non
616 3833 819 3916 responderit
846 3855 948 3917 neque
978 3834 1010 3898 id
1039 3833 1145 3898 soluet
1164 3837 1169 3912 Ι
1190 3835 1311 3898 satisne
1339 3832 1450 3916 faciet,
1562 3867 1563 3872 κ

300 3943 408 4004 tantae
429 3940 584 4024 peorim'oe,
607 3943 730 4024 quante
753 3963 791 4006 ea
813 3941 950 4023 pecunie
972 3942 1034 4007 erit
1057 3941 1095 4008 de
1114 3963 1178 4026 qus
1196 3945 1266 4006 tum
1284 3940 1371 4026 inter
1390 3963 1447 4006 eos

301 4043 509 4134 amibigetur,
532 4046 607 4111 dum
632 4049 788 4114 tanet...
811 4029 886 4132 1111,
919 4049 986 4114 sine
1007 4049 1117 4112 framis
1139 4069 1199 4112 suo
1221 4048 1294 4113 duei
1318 4047 1447 4113 iubeto:

301 4154 436 4239 quoique
460 4175 569 4220 eorum
594 4177 707 4238 quem,
735 4155 775 4219 ad
803 4177 898 4240 quem
919 4159 923 4234 Ι
944 4178 983 4220 ea
1005 4177 1056 4220 res
1079 4155 1269 4240 pertinebit,
1292 4153 1448 4236 deriserit,
1466 4161 1498 4210 2⁰

373 4407 406 4455 49
426 4403 491 4456 sunt
563 4402 655 4458 tutet
673 4401 816 4474 oportebit
888 4409 921 4458 14
935 4402 1195 4473 quoiquequomque
1269 4407 1301 4456 15
1294 4399 1380 4492 -ibei

304 4497 337 4546 lo
356 4507 455 4546 eumue
474 4492 538 4562 quei
610 4491 768 4563 indicioque
787 4493 846 4550 utei
864 4491 1005 4564 oportebit
1078 4498 1109 4548 19
1128 4495 1211 4550 taxat
1229 4493 1275 4550 Hs
1294 4493 1345 4548 XV
