3216 5082
566 387 821 440 svuenannuns
845 388 893 440 ιιι.
918 387 963 440 ιν.
1272 369 1334 439 541

192 535 298 602 facere
322 533 528 622 intellegitis,
551 537 606 621 qui
624 559 683 622 pro
702 537 833 622 dactylo
848 558 919 601 esse
932 531 1138 622 progeniem)
1157 537 1337 603 crediderit.

191 679 234 690 -
260 641 410 709 Ceterum
433 647 521 706 recte
544 647 577 706 et
600 642 719 706 usitate
734 643 913 725 progeniem
928 644 1023 726 penui
1041 643 1110 708 sine
1128 644 1207 707 miti
1226 643 1335 710 dativo

191 751 256 816 dici
279 771 346 815 non
370 749 529 834 estquod
553 750 688 833 probem
711 749 868 833 pluribus.

280 857 357 923 Alia
385 879 466 942 quae
494 857 527 920 in
555 860 710 940 promptu
739 861 816 920 sunt
843 855 907 921 huc
936 857 1134 941 pertinentia
1156 859 1338 942 praestabit

191 965 224 1029 in
247 965 427 1048 proximam
451 963 674 1046 prooemiandi
697 963 974 1047 opportunitatem
997 963 1133 1028 differre.

658 1233 868 1242 ..ῃ-

547 1485 856 1579 supplementum
884 1481 982 1584 IV.*)

528 1639 608 1708 (cum
626 1639 725 1695 tabula
742 1637 997 1710 lithographa**))·

278 1801 306 1868 E
330 1801 465 1867 basilica
487 1824 568 1886 quae
591 1803 713 1868 Romae
742 1805 793 1866 est
821 1799 851 1868 S.
870 1801 964 1866 Pauli
987 1802 1161 1886 iunctoque
1187 1803 1235 1866 illi
1263 1823 1333 1868 coe·
1348 1823 1385 1862 ιιι

188 1908 289 1974 nobie
312 1931 386 1974 curn
410 1908 466 1973 alii
490 1909 578 1973 tituli
600 1909 790 1993 prodierunt
818 1909 858 1974 ad
881 1909 1022 1994 priscam
1042 1909 1240 1974 latinitatem
1263 1931 1335 1994 per·

188 2015 341 2100 tinentes,
363 2025 443 2102 quos
466 2015 567 2080 habes
596 2017 630 2081 in
653 2014 688 2082 0.
706 2017 731 2081 l.
751 2016 785 2081 L.
808 2016 824 2080 I
847 2039 878 2081 n.
900 2016 994 2081 1019.
1021 2016 1115 2080 1022.
1142 2015 1236 2101 1056,
1264 2021 1334 2082 tum

189 2120 332 2186 eiusdem
356 2123 481 2206 generis
505 2145 588 2188 unus
611 2128 669 2188 aut
690 2123 788 2188 latuit
811 2122 916 2188 adhuc
938 2126 994 2187 aut
1013 2123 1128 2188 saltem
1152 2124 1186 2188 in
1210 2123 1334 2208 sylloge

188 2225 449 2306 Mommseniana
471 2251 536 2294 non
560 2230 667 2294 minus
691 2229 893 2294 desideratur
915 2251 1013 2313 quam
1034 2229 1068 2293 in
1085 2227 1125 2293 N.
1145 2228 1188 2294 M.
1206 2229 1333 2296 Nicolai

190 2333 275 2400 libro
299 2357 326 2400 a
349 2335 435 2402 1815
457 2334 581 2401 Romae
604 2337 692 2402 edito
715 2359 811 2420 quem
835 2335 941 2400 ‘Della
964 2335 1099 2400 basilica
1121 2335 1154 2400 di
1173 2334 1205 2401 S.
1222 2334 1334 2401 Paolo'

157 2427 160 2433 ¹
189 2440 363 2527 inscripsit.
394 2441 480 2508 Eum
503 2444 605 2528 igitur
626 2445 759 2508 titulum
783 2465 855 2508 cum
879 2443 1000 2508 chartis
1025 2465 1210 2526 expressum
1234 2442 1334 2507 Hen-

187 2548 293 2612 ricus
320 2548 516 2616 Brunnius
548 2555 658 2616 noster
688 2550 837 2616 Bonnam
868 2549 1024 2633 misisset,
1055 2549 1142 2614 haud
1174 2549 1334 2614 inutiliter

187 2653 245 2718 ille
271 2655 483 2742 lithographo
511 2657 659 2741 exemplo
691 2656 929 2741 repraesentari
959 2655 1048 2720 visus
1079 2659 1128 2720 est
1154 2656 1189 2718 in
1216 2655 1333 2720 horum

189 2758 495 2846 supplementorum
505 2765 619 2830 tabula
627 2763 675 2829 IV
684 2763 826 2846 [XVIII]
838 2763 897 2828 sub
905 2765 946 2828 A.
969 2762 1001 2828 N
1003 2785 1055 2827 am
1070 2763 1104 2827 in
1119 2761 1332 2828 vetustiorum

187 2867 279 2933 illum
298 2883 432 2936 numero
446 2872 560 2938 haberi
576 2893 648 2938 cum
666 2872 740 2956 ipsa
758 2872 881 2957 species
900 2872 1084 2936 litterarum
1106 2871 1210 2955 iubet,
1232 2870 1332 2946 haud-

188 2995 349 3060 quaquam
368 2977 427 3044 illa
445 2979 587 3046 indolem
601 2981 717 3046 aetatis
732 2979 919 3065 Augusteae
938 2977 1201 3063 praeseferens,
1221 3001 1331 3064 quam·

187 3102 285 3166 quam
307 3087 471 3171 ceteroqui
495 3087 627 3152 minime
651 3109 728 3152 sane
748 3087 930 3172 inelegans,
952 3091 1022 3152 tum
1047 3085 1179 3150 eandem
1204 3087 1239 3150 in
1260 3109 1333 3170 par·

187 3191 252 3253 tem
277 3191 375 3255 etiam
403 3193 522 3258 certius
551 3193 757 3277 antiquitatis
786 3193 937 3258 indicium
967 3193 1054 3257 valet
1082 3193 1167 3277 quod
1191 3193 1333 3258 cernitur

187 3294 221 3358 in
239 3295 378 3361 AMiclc
398 3348 404 3362 .
424 3349 431 3364 .
455 3298 624 3381 scripture.
655 3297 827 3380 Habetque
847 3319 885 3361 ea
904 3298 1066 3381 scriptura
1089 3297 1169 3362 adeo
1193 3297 1332 3362 alterum

188 3401 369 3484 exemplum
392 3403 427 3466 in
449 3423 543 3466 versu
567 3403 684 3486 primo:
714 3403 842 3486 quando
857 3403 978 3486 ,ectypi
1008 3401 1170 3468 chartacei
1193 3402 1331 3487 diligens

188 3504 372 3571 observatio
395 3509 540 3574 litteram
564 3507 787 3592 paenultinam
815 3513 903 3572 certo
927 3509 1021 3573 docet
1043 3507 1071 3572 B
1093 3507 1207 3592 fuisse,
1235 3529 1331 3593 quam

186 3613 244 3674 aut
266 3610 294 3674 Ε
318 3617 376 3677 aut
398 3613 424 3678 L
448 3617 560 3679 secuta
583 3614 635 3680 sit.
675 3614 745 3678 Iam
769 3614 921 3699 quoniam
945 3613 1076 3678 GABL
1099 3614 1330 3680 elementorum

186 3718 384 3784 consociatio
407 3720 546 3785 latinum
573 3743 692 3786 nomen
715 3721 799 3806 quod
824 3721 962 3786 sciamus
986 3719 1112 3786 nullum
1137 3721 1331 3807 suppeditat,

186 3825 346 3908 reliquum
370 3829 420 3890 est
441 3829 478 3890 ut
501 3849 520 3890 a
543 3826 662 3892 GABE
690 3827 831 3912 incipere
854 3849 971 3892 nomen
994 3827 1140 3892 mulieris
1164 3829 1331 3913 intellega-

185 3936 246 3998 tur.
283 3931 376 3997 Vnde
400 3955 464 3998 non
489 3934 554 3998 alia
576 3933 737 4016 prodeunt
760 3933 822 3998 nisi
842 3932 922 3999 haec
941 3932 1127 3998 mutilatum
1147 3933 1328 3998 litterarum

186 4041 424 4125 supplementa:

275 4235 301 4304 *)
321 4231 509 4305 [Prooemium
537 4231 640 4286 Indicis
668 4231 826 4286 scholarum
854 4235 1023 4288 aestivarum
1050 4233 1236 4290 Βοιιιιειιιίιιιιι
1264 4235 1330 4291 anni

186 4319 456 4393 CIOIOCCCLXIV.]
1133 4395 1136 4401 Ι

256 4412 297 4479 ”l
318 4411 531 4492 [Tabala-olim
555 4412 620 4466 huie
642 4413 872 4468 commentationi
895 4413 1004 4468 adnexa
1027 4431 1100 4470 nunc
1123 4415 1174 4469 sub
1197 4433 1223 4469 u.
1238 4415 1329 4470 XVIII

184 4501 288 4556 iterate
306 4506 356 4556 eat.
394 4501 423 4558 0,
438 4502 496 4573 W.]
