3246 5082
565 391 782 442 raouomurs
806 393 943 442 norma
1264 377 1329 442 315

166 535 297 600 suffixa
324 535 406 600 dom
429 535 558 621 syllaba
576 536 665 620 prius
686 535 806 602 isdem
831 559 927 622 quam
946 536 1127 602 breviatam
1150 537 1247 602 idem
1266 537 1329 602 for-

166 665 264 708 mam
297 643 460 709 coaluisse
492 649 616 710 certum
648 647 847 729 putaremus,
879 648 989 709 tamen
1022 644 1178 728 pristinae
1206 644 1329 710 formae
1379 639 1388 656 “

165 749 266 814 illius
295 754 463 817 auctorem
486 752 750 818 desideraremus.
784 751 918 829 Qualem
941 751 1027 816 haud
1047 751 1113 817 scio
1129 746 1174 816 'an
1191 751 1330 836 Nipper-

166 856 268 921 deius
296 855 457 923 Orellium
480 860 639 942 habuerit,
662 859 716 944 qui
740 858 951 924 adnotatione
973 859 1008 924 in
1029 856 1193 924 Ciceronis
1217 858 1329 924 Orato-

166 985 242 1028 rem
269 987 304 1048 p.
327 966 389 1030 119
413 964 721 1050 ‘frequcntissimum
749 964 869 1030 isdem
898 987 968 1030 esse
998 965 1031 1030 in
1055 965 1331 1050 inscriptionibus,

167 1071 376 1153 pracsertim
399 1072 460 1138 hac
485 1073 518 1137 in
542 1072 684 1138 formula
706 1071 732 1137 L
747 1107 753 1122 ·
768 1070 914 1137 TITIVS
930 1107 936 1122 ·
952 1070 1147 1137 OVRAVIT
1162 1107 1168 1120 ·
1182 1069 1330 1136 ISDEM-

169 1175 268 1252 QVE
287 1178 550 1244 -PROBAVIT’
588 1179 773 1244 affirmabat
803 1178 900 1262 idque
932 1177 1005 1242 aliis
1035 1180 1072 1242 ut
1103 1177 1331 1243 adseverarent

169 1287 299 1350 auctor
326 1285 397 1350 luit.
438 1283 559 1374 Varum
583 1286 622 1350 de
646 1306 683 1350 eo
706 1286 812 1350 virum
840 1285 999 1369 optimum
1028 1285 1185 1350 memoria
1208 1284 1331 1370 epigra

169 1389 280 1473 phica
304 1413 436 1474 prorsus
460 1390 586 1456 fefellit.
615 1391 672 1456 Bis
691 1396 797 1457 exstat
814 1393 847 1456 iu
867 1391 1132 1475 inscriptionibus
1152 1388 1330 1456 EISDIIM-

171 1496 271 1573 QVE
289 1532 296 1545 ·
311 1496 590 1582 PROBAVnuu
613 1500 647 1564 in
663 1499 790 1565 Ocrana
809 1501 850 1565 ab
869 1500 941 1584 ipso
957 1497 1079 1564 Orellio
1094 1499 1181 1563 edita
1199 1519 1230 1563 n.
1243 1499 1330 1564 3808

174 1601 226 1684 [G.
254 1603 283 1668 I.
307 1603 342 1668 L.
366 1604 382 1668 I
406 1606 557 1690 n.1149;
581 1606 615 1670 P.
639 1605 673 1670 L.
697 1606 741 1672 M.·
763 1607 802 1672 Ε.
824 1607 890 1670 tab.
910 1603 1049 1670 LXVIII
1067 1603 1108 1685 0]
1132 1604 1229 1688 inque
1252 1604 1330 1670 For·

172 1711 293 1776 miana
317 1709 512 1776 Mommseni
539 1711 564 1776 Ι.
588 1710 627 1776 N.
651 1735 681 1776 u.
705 1713 792 1777 4102
822 1709 871 1792 [C.
894 1709 919 1774 I.
942 1710 978 1776 L.
1005 1711 1022 1776 I
1048 1711 1200 1793 n.1192;
1233 1710 1268 1775 P.
1295 1710 1330 1774 L.

172 1815 220 1881 M.
245 1817 289 1883 M.
312 1818 378 1884 tab.
396 1818 454 1883 LX
469 1819 534 1900 K]:
564 1819 681 1904 quibus
709 1819 861 1899 exemplis
894 1840 954 1901 par
982 1821 1031 1882 cst
1058 1817 1092 1880 in
1120 1814 1330 1883 Praenestina

174 1923 219 1987 ab
240 1922 400 1989 Henzcuc
424 1924 558 2009 vulgata
577 1924 682 1990 Musei
704 1924 808 1990 nostri
830 1923 945 2008 philol.
968 1921 1037 1988 tV
1056 1945 1085 2006 p.
1100 1923 1165 1988 464
1185 1920 1233 2004 [O.
1252 1923 1277 1989 Ι.
1296 1922 1330 1989 L.

174 2028 192 2092 Ι
217 2053 251 2095 n.
278 2031 376 2114 1143;
413 2031 450 2096 P.
472 2031 506 2096 L.
529 2031 632 2097 ME.
661 2032 727 2098 tab.
751 2031 829 2096 LIII
847 2031 893 2112 A]
926 2027 1121 2106 EISDEMQ
1136 2063 1144 2078 ·
1158 2027 1330 2096 LOOVM·

174 2135 416 2204 EMERVNT:
438 2139 472 2202 in
496 2139 606 2203 multis
624 2138 767 2204 EIDEM
781 2174 787 2188 ·
802 2135 1023 2204 PROBAVI'P
1046 2135 1142 2200 redit:
1169 2159 1328 2221 nusquam
1343 2152 1363 2191 V

176 2242 232 2307 vel
264 2243 385 2309 isdem
412 2244 628 2328 probaucro
656 2246 707 2310 vel
735 2246 855 2310 isdem
883 2242 1068 2328 probauit
1090 2241 1197 2327 legere
1221 2245 1330 2308 memi-

177 2350 303 2414 nimus.
360 2348 422 2415 Sed
454 2353 554 2416 semel
588 2375 678 2436 sane,
715 2353 747 2416 id
785 2351 868 2436 quod
901 2350 1014 2416 eodem
1046 2349 1147 2434 valet,
1189 2350 1331 2416 eisdem

178 2454 430 2544 Mariandcm)
463 2455 645 2546 Mordent)
673 2459 829 2542 scriptum
857 2457 983 2523 viderat
1006 2455 1146 2522 Orellius
1173 2457 1207 2522 in
1234 2458 1331 2523 titulo

179 2563 378 2648 Dalmatico,
407 2586 500 2649 quem
524 2564 640 2629 vitiose
664 2564 734 2648 ipse
757 2587 774 2628 e
796 2563 968 2629 Polcastro
988 2564 1164 2628 iteraverat
1186 2585 1216 2626 n.
1238 2563 1331 2647 1446,

180 2671 355 2736 emendate
378 2693 452 2736 cum
471 2669 682 2736 Furlcnettus
710 2669 811 2735 edidit
833 2669 982 2754 Inscript
1001 2669 1113 2734 Patav.
1136 2691 1166 2752 p.
1185 2669 1223 2734 18
1243 2691 1273 2733 n.
1288 2669 1331 2734 26

179 2779 254 2842 tum
279 2776 498 2862 quinquennio
526 2780 602 2842 ante
627 2773 828 2842 Gavedonius
856 2777 890 2841 in
917 2775 1001 2842 libro
1025 2775 1168 2841 Mutinae
1197 2797 1224 2840 a.
1246 2775 1331 2840 1842

181 2884 351 2968 publicato
375 2882 590 2950 ‘Indicazioue
618 2885 670 2950 dei
697 2883 871 2970 principali
901 2882 1101 2948 monumenti
1129 2881 1252 2948 antichi
1280 2882 1331 2947 del

181 2993 271 3057 reale
298 3013 409 3056 musco
432 2990 570 3056 Estcnse
599 2991 651 3055 del
674 2989 801 3076 Catajo'
829 3014 859 3076 p.
881 2991 943 3057 108
971 3013 1001 3055 n.
1023 2991 1105 3056 1511
1137 2988 1291 3071 [(11.1.
1315 2988 1331 3053 I

181 3098 337 3182 n.1468;
368 3097 645 3183 111,1n.1772;
679 3098 714 3164 P.
736 3098 772 3163 L.
796 3098 839 3164 M.
862 3097 900 3164 E.
930 3099 994 3165 tab.
1020 3097 1077 3164 LX
1094 3097 1153 3182 «Π,
1185 3101 1271 3164 recte
1303 3098 1330 3161 is

183 3205 324 3290 septimo
348 3206 389 3270 ab
412 3227 442 3270 u.
466 3228 491 3272 c.
515 3205 644 3271 saeculo
668 3205 790 3272 factum
813 3205 971 3270 iudicans:

514 3364 1005 3482 Q·VIBIVS·L·F

536 3513 783 3599 DIANAM
816 3543 825 3562 ·
853 3514 888 3601 V
915 3542 924 3562 ·
954 3511 981 3601 S

523 3645 932 3714 manau-anau
966 3681 972 3696 ·

612 3772 941 3872 Dur-O·

187 3952 258 4028 (luc
281 3952 378 4036 longe
402 3951 500 4016 ctiam
523 3951 718 4016 luculentius
746 3950 974 4016 documentum
1002 3951 1098 4036 idque
1125 3949 1243 4034 triplex
1267 3949 1330 4032 pri·
1438 3933 1443 3942 ’

186 4059 261 4125 dem
283 4059 333 4123 lex
353 4057 532 4124 Puteolana
551 4057 740 4142 praebebat:
765 4057 850 4142 quod
873 4061 1118 4124 monumentum
1142 4057 1213 4140 etsi,
1236 4057 1331 4140 quale

187 4187 272 4231 nuno
299 4165 451 4249 habetur,
483 4165 587 4230 multo
618 4165 796 4248 posteriore
824 4168 930 4231 aetate
960 4165 1083 4230 factum
1110 4185 1180 4228 esse
1208 4164 1330 4248 figurae

187 4273 369 4338 litterarum
383 4272 509 4358 docent,
529 4275 640 4337 tamen
654 4271 796 4336 dubitari
814 4271 927 4356 nequit
945 4271 1023 4356 quin
1042 4271 1214 4356 pristinam
1234 4271 1330 4356 scrip·

187 4383 294 4444 turem
318 4379 394 4444 anni
413 4379 454 4444 ab
473 4402 503 4444 u.
518 4400 544 4445 c.
558 4378 623 4444 649
647 4379 682 4442 in
701 4377 863 4463 plerisque
883 4376 962 4442 satis
980 4375 1120 4441 fideliter
1138 4381 1251 4441 servet.
1280 4376 1330 4442 Ibi

189 4486 273 4554 cuim
296 4485 376 4552 hacc
398 4486 550 4574 leguntur
576 4485 611 4551 in
633 4489 726 4571 parte
753 4483 860 4551 media
883 4504 910 4548 v.
930 4483 950 4548 9
973 4480 1139 4550 EISDEM
1155 4518 1161 4531 ·
1176 4481 1330 4549 FORMS·
