3216 5082
489 427 774 476 onsuavnmouss
798 427 1066 476 umonaenmun.
1283 413 1349 477 445

208 589 303 632 aeuus
326 567 347 632 l.
370 591 394 634 s.
418 591 441 634 s.
465 569 656 655 disceptavit
678 570 716 634 de
740 572 986 656 magistratibus
1005 572 1217 655 dubitatione,
1240 575 1350 637 tamen

209 674 360 759 quoniam
385 677 513 761 singula
540 677 686 762 nomina,
717 680 744 744 si
773 681 992 764 exemplorum
1021 679 1231 744 similitudine
1258 679 1350 743 meti·

207 803 286 866 mur,
308 805 367 847 nec
390 783 456 848 fere
479 783 591 849 XVIII
614 787 797 850 litterarum
821 787 980 853 ambitum
1004 808 1166 871 superare,
1188 807 1246 850 nec
1265 784 1350 851 infra

204 908 404 954 novenorum
427 913 596 956 numerum
620 893 796 957 subsistere
818 897 1007 977 potuerunt,
1030 893 1198 977 probabile
1222 896 1350 956 estnec

205 995 393 1076 pauciorum
421 1019 519 1082 quam
548 999 688 1083 quinque
715 1021 774 1064 nee
803 999 943 1082 plurium
972 1022 1068 1084 quam
1096 1005 1221 1084 septem
1249 1000 1349 1064 bomi-

205 1121 281 1163 num
304 1101 439 1166 nomina
460 1105 659 1190 praescripta
682 1105 790 1171 fuisse.

671 1341 883 1349 ——ffl

640 1533 915 1600 ADDENDA.

294 1671 372 1757 Pag.
388 1671 451 1737 VII
470 1675 563 1739 initio
588 1677 700 1760 [supra
718 1699 747 1760 p.
766 1678 846 1758 432]
871 1678 969 1741 etiam
992 1675 1114 1740 finitius
1134 1674 1197 1738 dici
1221 1679 1351 1757 poterat

205 1799 264 1842 neo
296 1779 418 1842 maiore
455 1779 626 1844 intervallo
661 1803 720 1872 nec
757 1781 823 1845 alia
859 1783 986 1845 ratione
1025 1781 1066 1845 ab
1099 1779 1269 1844 usitatiore
1298 1759 1350 1862 ὼ

206 1883 310 1967 figura
329 1885 413 1949 hauc
430 1864 464 1947 k
482 1885 613 1969 distare,
627 1907 723 1968 quam
743 1909 763 1950 a
777 1887 1045 1972 quinquagenarii
1064 1885 1191 1951 numeri
1210 1886 1350 1970 pristina

205 1988 311 2052 forma
335 1985 373 2055 dr
399 2012 470 2055 cam
493 1995 606 2056 notam
630 2014 726 2076 quam
750 1992 929 2076 lapidarius
950 1993 1089 2058 adscivit
1111 1992 1148 2058 I.
1171 2030 1208 2038 -
1234 1991 1349 2058 Paullo
1391 2027 1399 2040 ·

207 2100 282 2160 ante
306 2097 486 2181 disceptatu
513 2097 529 2162 I
559 2097 687 2162 litterae
718 2098 804 2162 falsa
837 2098 960 2182 species
988 2121 1085 2182 quam
1118 2097 1212 2162 facile
1244 2097 1350 2162 fraudi

206 2224 277 2267 esse
304 2204 422 2288 possit,
454 2203 489 2268 in
518 2204 590 2289 ipso
613 2205 775 2270 Tolosano
808 2203 916 2287 lapide
944 2205 1029 2269 inter
1056 2203 1288 2270 C·ANTONI
1318 2209 1350 2268 et

207 2307 431 2374 cavamen
455 2311 571 2375 umbra
593 2311 650 2375 illa
674 2310 769 2375 docet
795 2333 862 2374 non
885 2311 1052 2375 dissimilis
1075 2311 1203 2375 litterae
1227 2333 1350 2393 exesae,

206 2437 302 2499 quam
334 2439 399 2481 non
434 2419 625 2481 miraremur
657 2439 716 2500 pro
744 2416 760 2482 Ι
793 2417 941 2481 habitam
975 2418 1015 2481 ab
1052 2418 1161 2501 aliquo
1189 2419 1349 2502 imperito.

207 2521 295 2597 Quae
319 2523 348 2585 si
371 2521 545 2587 Marinium
568 2545 770 2608 nequaquam
798 2522 928 2604 fefellit,
958 2528 992 2588 at
1019 2524 1160 2588 incuriae
1184 2523 1349 2588 cuiusdam

207 2627 409 2693 documentis
437 2629 519 2712 illis,
551 2651 633 2712 quae
656 2652 684 2712 p.
705 2628 736 2692 V
758 2629 825 2692 ima
850 2629 930 2708 [430
949 2633 1008 2713 aq.]
1039 2629 1220 2713 composui,
1251 2629 1349 2693 etiam

207 2734 437 2818 praetermissa
459 2735 493 2799 in
517 2757 610 2799 versu
634 2736 654 2799 3
678 2733 727 2820 (2)
750 2735 968 2818 interpunctio
992 2735 1123 2800 aceedit.
