3116 5066
280 337 342 400 154
558 353 777 400 riouvunurs
801 353 1033 400 EPIGRAPHICA
1061 353 1152 400 rurs.

277 496 432 561 confessis
465 497 534 562 fore
568 496 707 562 confido:
740 495 856 581 quibus
885 496 931 562 sic
958 495 1101 561 Acciana
1133 495 1281 560 doctrina
1312 499 1429 579 aperte

277 605 503 689 impugnatur:

237 733 260 771 ει
322 711 353 774 Α
371 711 511 795 primum
532 716 595 776 est:
618 710 693 775 hinc
711 711 876 796 incipiam,
899 714 1030 794 atquae
1049 709 1181 774 nomina
1200 707 1321 774 abhoc
1339 715 1430 775 sunt.

321 819 352 882 A
376 817 516 903 primum
539 817 638 903 longa
663 839 703 882 an
727 815 826 882 breni'
851 817 990 902 syllaba,
1013 838 1072 882 nos
1096 819 1205 882 tamen
1230 837 1328 886 unum

321 925 393 990 Hoc
416 925 570 992 faciemus
595 929 629 991 et
651 947 716 990 uno
740 924 864 1004 eodem,
887 928 925 988 ut
948 923 1088 1008 diximu’,
1110 928 1206 1008 pacto

324 1030 508 1098 scribemus
531 1050 646 1098 Psonis
672 1049 825 1096 rnscrns:
850 1049 971 1097 rsuvn
995 1049 1130 1097 rnmvn
1154 1049 1305 1116 acnrvn,

321 1141 424 1206 ΑΡΕΣ
448 1141 552 1205 ΑΡΕΣ
576 1139 691 1204 Graeci
714 1141 751 1202 ut
774 1138 912 1204 faciunt:

276 1269 320 1312 on
343 1246 429 1311 enim
452 1267 546 1311 versu
570 1245 673 1310 altero
702 1268 798 1330 qnam
822 1267 859 1312 ac
886 1245 995 1312 malni.
1047 1245 1173 1331 Quippe
1197 1269 1330 1311 exorsus
1355 1253 1432 1313 erat

277 1356 375 1437 pocta
404 1353 445 1418 ab
469 1351 612 1417 Acciana
640 1352 859 1437 geminatione
890 1352 1070 1438 generatim
1103 1353 1290 1437 iudicanda,
1322 1376 1431 1439 eoque

277 1461 413 1524 diximus
445 1462 584 1542 spectat:
616 1459 702 1543 quod
735 1459 789 1543 qni
821 1459 952 1524 dicim-us
984 1458 1143 1542 scribunt,
1179 1481 1243 1525 non
1277 1461 1433 1546 cogitant

279 1588 389 1632 verum
412 1564 558 1650 profecto
581 1586 647 1636 non
670 1585 741 1629 esse
764 1587 829 1630 uno
854 1564 1030 1649 codemque
1059 1565 1154 1630 modo
1178 1587 1198 1630 o
1221 1567 1369 1633 litteram
1394 1569 1431 1634 in

271 1695 380 1758 parom
404 1677 437 1738 et
453 1673 578 1756 placite
599 1672 811 1756 pronuntiari.
847 1661 915 1737 Ne'c
938 1671 972 1736 in
994 1671 1057 1738 hoc
1080 1694 1143 1738 uno
1167 1673 1239 1738 loco
1262 1673 1432 1742 Accianos

277 1781 442 1847 doctrinae
465 1780 668 1865 impugnatio
686 1779 853 1846 luciliano
876 1779 1036 1865 substitit,
1060 1780 1247 1846 sedendam
1267 1783 1370 1848 ctiam
1390 1785 1432 1849 de

277 1888 322 1952 ΕΙ
347 1892 380 1952 et
401 1888 417 1952 Ι
440 1887 559 1952 litteris
582 1887 616 1952 in
639 1887 755 1972 vulgus
778 1890 857 1953 notu
879 1890 912 1951 et
935 1885 1107 1952 decantata
1129 1885 1171 1952 ab
1194 1889 1346 1954 omnibus
1368 1891 1433 1956 Lu·

278 1994 345 2058 cilii
376 1995 549 2078 praecepta
576 1993 741 2058 referenda
773 1997 860 2059 sunt:
893 1993 932 2058 ds
960 2015 1024 2078 qna
1053 2015 1087 2058 re
1116 1994 1192 2078 quid
1221 1995 1432 2064 sentiendum

278 2104 375 2185 esset,
398 2099 510 2184 paucis
533 2099 715 2182 nuperrime
739 2099 920 2183 significavi
942 2099 1047 2166 Musei
1074 2101 1180 2166 nostri
1203 2101 1282 2186 phil.
1306 2107 1328 2168 t.
1343 2103 1434 2170 VIII

277 2209 354 2273 fasc.
377 2209 398 2272 3
423 2209 469 2291 [p.
489 2206 555 2271 480
571 2226 617 2288 sq.
635 2235 677 2258 =
696 2203 812 2289 Opnsc.
840 2203 872 2269 ΙΙ
900 2228 931 2290 p.
950 2206 1039 2288 623}
1088 2206 1222 2272 Eenim
1250 2209 1434 2296 longami
1553 2283 1554 2288 γ

278 2313 423 2380 vocalem
445 2334 511 2378 non
534 2311 613 2376 item
636 2311 830 2396 geminando
845 2312 978 2378 Accium
1003 2317 1039 2378 ut
1055 2317 1179 2380 ceteras
1202 2319 1345 2402 notasse,
1373 2321 1434 2385 scd

277 2444 336 2507 pro
365 2444 404 2486 ea
430 2421 476 2486 EI
504 2419 672 2506 scripsisse
704 2418 828 2485 Marius
855 2419 1044 2486 Victorinus
1077 2425 1190 2487 auctor
1222 2427 1279 2489 est.
1331 2425 1435 2503 Quod

278 2551 350 2594 cnm
373 2528 429 2594 ille
451 2528 585 2612 faceret,
616 2549 682 2592 non
711 2527 910 2613 excogitavit
937 2527 1059 2613 aliquid
1087 2529 1287 2615 incognitum
1320 2537 1435 2622 antea,

277 2640 314 2702 ut
342 2657 474 2720 prorsus
503 2657 578 2700 sane
609 2639 684 2700 ante
712 2656 746 2699 se
773 2634 977 2720 incognitam
1005 2635 1271 2722 geminationem,
1304 2661 1436 2722 verum,

258 2741 361 2826 'quod
386 2742 459 2806 inde
479 2765 498 2808 a
521 2745 612 2806 sexto
637 2741 765 2807 saeculo
789 2741 854 2804 iam
877 2741 1045 2806 succedere
1070 2743 1247 2828 antiquiori
1272 2746 1379 2812 etiam
1404 2750 1434 2814 Ε

278 2851 458 2934 scripturae
483 2852 646 2932 coeperat,
670 2847 726 2912 sed
745 2851 896 2932 coeperat
914 2851 1056 2933 tantum,
1079 2852 1284 2934 perpetuavit
1302 2858 1337 2918 et
1358 2879 1436 2923 esse

278 2959 431 3022 constans
454 2954 558 3019 iussit.
602 2953 696 3018 Vnde
721 2975 792 3019 cum
815 2954 877 3020 hoc
904 2954 1107 3040 intellegitur
1129 2958 1224 3041 quale
1248 2959 1307 3043 sit,
1341 2965 1436 3047 quod

278 3063 319 3127 ab
344 3084 428 3127 anno
451 3060 525 3126 inde
545 3061 610 3126 620
633 3062 736 3126 multo
759 3062 824 3126 iam
844 3061 986 3128 crebrior
1004 3062 1049 3128 ΕΙ
1069 3065 1246 3149 scripturae
1266 3088 1369 3150 quarn
1391 3071 1436 3135 ab

278 3159 390 3234 eodein
415 3167 515 3233 Accio
543 3167 785 3233 commendatus
813 3169 1051 3254 geminatarum
1080 3171 1239 3236 vocalium
1268 3195 1349 3240 usus
1380 3199 1436 3242 ex-

278 3274 379 3360 stitit,
408 3277 478 3340 tum
502 3297 617 3340 caussa
643 3275 837 3360 perspicitur
866 3299 923 3341 cnr
950 3277 1041 3342 illam
1065 3278 1258 3362 scripturam
1283 3279 1437 3349 Lucilius

276 3405 342 3448 non
365 3382 444 3446 item
467 3385 505 3447 ut
527 3381 610 3447 hanc
633 3403 765 3466 prorsus
789 3383 1022 3467 repudiaverit,
1045 3383 1100 3448 sed
1119 3385 1240 3469 partim
1261 3387 1438 3475 reiectam,
1553 3387 1554 3396 ’

277 3489 395 3573 partim
425 3489 596 3574 probatam
625 3489 818 3556 certioribus
848 3492 990 3578 tantum
1006 3490 1125 3555 finibus
1155 3491 1351 3575 quibusdam
1386 3497 1439 3564 ita

277 3596 577 3680 circumscripserit,
609 3599 645 3662 ut
675 3597 814 3663 discreta
844 3619 997 3683 generum
1029 3598 1217 3664 diversitate
1244 3601 1337 3666 velut
1367 3623 1436 3670 ianr

278 3721 405 3769 Pvnnffl
434 3702 474 3767 ab
503 3721 607 3769 flvrvs
631 3722 737 3770 Pvnm
760 3705 982 3790 distingueret.
1029 3705 1122 3783 Quod
1145 3710 1341 3773 constetne
1368 3709 1436 3779 Lu·
1553 3703 1554 3720 ¹

277 3812 388 3876 cilium
411 3810 540 3896 quidem
564 3810 776 3895 popularibus
805 3810 872 3874 suis
900 3811 947 3874 ita
970 3811 1125 3896 probasse
1149 3817 1186 3877 ut
1208 3814 1436 3898 pervinceret:

278 3919 361 3983 unde
388 3939 454 3983 non
482 3916 664 3981 mirandum
693 3919 743 3981 est
770 3919 898 3982 tantam
925 3917 960 3982 in
989 3918 1052 3983 hoc
1081 3938 1197 4002 genere
1229 3941 1286 4004 per
1318 3925 1436 3991 totum
1553 3959 1554 3968 κ

278 4026 441 4092 saeculum
465 4022 639 4108 septimum
664 4028 761 4110 atque
785 4024 865 4089 adeo
888 4047 946 4108 per
969 4028 1117 4090 octavum
1138 4030 1436 4098 monumentorum

278 4132 530 4199 inconstantiam
554 4153 632 4196 esse.
669 4129 752 4196 Vere
772 4135 880 4197 autem
894 4131 1097 4197 Victorinum
1116 4133 1155 4198 de
1178 4135 1191 4198 i
1213 4135 1337 4218 testari,
1363 4159 1438 4206 non
1553 4153 1554 4204 ζ

279 4241 414 4306 ascitam
442 4241 475 4304 in
503 4239 565 4305 hoc
592 4238 842 4325 geminationem
867 4239 908 4304 ab
932 4237 1031 4304 Accio
1056 4261 1140 4325 esse,
1172 4239 1283 4305 eadem
1312 4263 1437 4312 monu-

279 4351 389 4412 menta
403 4347 584 4412 certissimo
599 4346 792 4412 documento
808 4349 895 4410 sunt:
913 4367 1016 4429 neque
1031 4345 1068 4410 ΙΙ
1083 4347 1261 4430 scripturae
1275 4351 1438 4436 exempla

278 4452 344 4518 nisi
367 4453 563 4538 paucissima
587 4475 686 4540 eaque
710 4452 761 4518 vel
777 4451 876 4518 dubia
899 4453 948 4518 vel
972 4453 1112 4519 recentis
1136 4453 1252 4518 aetatis
1275 4454 1329 4518 vel
1354 4457 1435 4524 bar·
1553 4453 1554 4516 l
