3216 5082
301 421 366 487 452
412 439 459 487 ns
484 437 748 488 nacnruurroua
773 434 920 495 qvnnan
944 435 1076 483 aarum
1099 431 1372 484 aucounrrroas.

300 582 436 648 Koisis
469 583 510 647 ab
539 581 729 648 Aufrechtio
758 577 1023 664 Kirchhoffioque
1053 581 1195 643 tractata
1223 575 1310 642 Mon.
1337 575 1453 641 Vmbr.

301 711 332 771 p.
351 689 417 752 392
436 711 506 773 sqq.
552 685 615 752 Sed
642 709 681 751 na
710 684 844 750 Latinae
872 685 1002 770 quidem
1029 683 1140 769 copiae
1171 684 1327 749 curiosius
1354 705 1462 768 quae--

301 799 426 858 rentem
459 795 652 860 destituunt:
689 815 771 878 quae
803 813 903 857 unum
936 797 1021 858 certe
1056 792 1249 857 vocabulmn
1281 793 1455 856 servarunt

301 900 457 983 pristinae
482 899 706 965 declinationis
731 900 811 964 satis
835 899 889 964 diu
913 903 1023 982 tenax,
1051 898 1138 983 quod
1161 901 1210 963 est
1233 897 1334 962 alius
1362 897 1454 980 alis,

299 1005 410 1070 aliud
438 1007 527 1072 alid.
850 1079 852 1082 ¹

215 1135 223 1142 ·
391 1113 440 1178 De
468 1137 506 1178 eo
534 1118 678 1179 veterum
706 1113 894 1179 testimonia
920 1113 1000 1176 haec
1028 1115 1112 1175 sunt.
1156 1109 1348 1183 Priscianus
1371 1109 1452 1174 XIII

301 1243 333 1304 p.
351 1220 415 1284 959
436 1220 470 1284 P.
494 1221 561 1298 8,1
586 1218 640 1285 H.:
672 1218 746 1284 ‘duo
770 1221 898 1282 tantum
922 1218 996 1282 ind
1017 1217 1136 1281 finiunt
1160 1238 1210 1300 eu,
1233 1221 1317 1300 quis
1349 1215 1453 1300 quid,

303 1327 403 1390 alius
431 1325 544 1391 aliud.
590 1326 664 1390 alis
693 1346 820 1409 quoque
851 1323 1068 1408 antiquissimi
1095 1335 1154 1408 pro
1184 1324 1284 1388 alius
1312 1323 1453 1408 protule-

276 1431 398 1496 ⁹runt.'
444 1431 534 1496 Idem
557 1430 619 1496 XV
643 1454 672 1515 p.
695 1431 780 1496 1014
803 1430 838 1495 P.
868 1431 919 1514 77,
941 1431 981 1494 12
1003 1429 1059 1494 11:
1092 1429 1226 1493 ‘aliter
1255 1451 1382 1514 quoque
1410 1429 1452 1493 ab

304 1562 342 1605 eo
373 1539 458 1624 qnod
491 1541 540 1601 est
571 1537 634 1602 hic
666 1538 755 1622 alis,
787 1538 900 1602 huius
933 1537 1020 1621 alis,
1052 1537 1229 1629 huicali
1261 1559 1319 1621 pro
1350 1535 1454 1600 alins

304 1647 404 1711 alius
439 1645 522 1728 alii,
555 1644 728 1709 secundum
763 1667 861 1728 supra
891 1643 1012 1710 dictam
1047 1644 1232 1728 analogiam
1265 1641 1456 1728 profertur’:

303 1753 335 1818 b.
354 1775 380 1818 e.
403 1756 440 1818 ut
460 1753 582 1834 sortiter
606 1775 625 1816 a
645 1753 738 1833 fortis
761 1754 794 1816 at
817 1751 950 1836 similia,
974 1773 1046 1816 oum
1067 1752 1107 1816 ab
1129 1751 1213 1816 alius
1234 1751 1326 1814 fieret
1344 1749 1456 1833 potius

304 1861 407 1926 011111ον
432 1861 532 1924 aliter.
574 1857 698 1922 Deinde
718 1855 884 1924 Charisius
908 1855 941 1922 II
964 1880 995 1941 p.
1012 1857 1075 1922 133
1098 1857 1134 1922 P.
1161 1856 1233 1935 159,
1252 1856 1296 1921 30
1318 1853 1357 1920 K.
1381 1875 1455 1919 cum

304 1965 461 2030 Diomede
479 1965 496 2029 I
519 1987 550 2048 p.
568 1964 634 2028 323
653 1963 687 2028 Ρ.
711 1963 786 2047 333,
800 1963 844 2028 30
862 1963 914 2044 Κ,
938 1962 1130 2047 quibuscum
1154 1962 1303 2027 convenit
1326 1983 1457 2044 excerp-

304 2073 347 2136 tis
372 2069 679 2136 Vindobonensibus
702 2091 733 2153 p.
756 2069 827 2152 118,
850 2068 935 2152 apud
957 2066 1099 2132 Keilium
1123 2091 1153 2152 p.
1173 2067 1247 2152 561,
1269 2069 1323 2132 14:
1352 2065 1457 2132 ‘cuius

307 2178 460 2264 [genetivi
484 2177 599 2257 alius]
618 2175 854 2241 nominativum
868 2177 994 2239 veteres
1013 2196 1078 2239 non
1092 2177 1223 2238 tantum
1247 2174 1346 2238 alius
1370 2173 1457 2238 dixe-

304 2289 394 2368 runt,
423 2283 479 2350 sed
508 2284 607 2348 etiam
637 2283 725 2366 alis,
758 2283 843 2348 sicut
870 2285 903 2347 et
931 2280 1120 2347 Sallustius:
1150 2281 1211 2346 alis
1238 2281 1314 2346 111111
1340 2285 1458 2346 sanus

305 2391 488 2468 reddamini,
516 2410 619 2456 omnes
645 2394 748 2454 tomen
770 2390 912 2454 aduersis
941 2385 1117 2454 autumabas
1138 2385 1359 2453 omicidemnt':
1391 2386 1457 2451 nisi

305 2497 391 2584 quod
414 2495 583 2562 Sallustius
605 2497 652 2560 uit
674 2495 795 2578 Diom,
818 2496 959 2561 01101110
982 2493 1088 2559 Diom.
1111 2493 1253 2574 011110,
1274 2493 1458 2559 studuerimus

306 2605 375 2669 sine
398 2605 593 2669 caeciderunt
614 2602 691 2667 Ero.
737 2601 782 2666 Et
805 2601 885 2667 haec
908 2600 1037 2686 quidem
1061 2599 1208 2665 Sallustii
1230 2599 1340 2678 rerba,
1363 2599 1396 2663 id
1419 2605 1459 2664 ut

306 2711 419 2776 statim
438 2709 659 2794 expediamus,
678 2732 751 2775 cum
770 2708 825 2772 diu
842 2709 875 2772 in
890 2707 1111 2773 Historiarum
1129 2705 1322 2792 fragmentis
1340 2705 1458 2772 habita

306 2823 427 2902 essent,
459 2817 640 2882 rectissime
662 2837 766 2900 nuper
789 2815 917 2879 demum
941 2814 1141 2878 intellectum
1165 2817 1302 2880 estnon
1326 2813 1457 2880 aliunde

306 2925 370 2988 nisi
394 2947 411 2990 s
435 2921 597 2989 Catilinae
625 2923 731 3007 capite
760 2926 903 2987 extremo
933 2921 1038 3004 petita
1061 2943 1140 2986 esse.
1184 2917 1250 2985 Vbi
1278 2943 1351 2990 cum
1377 2922 1457 2987 libri

307 3053 365 3094 ms.
388 3027 470 3093 nihil
494 3027 558 3092 nisi
581 3029 662 3094 haec
685 3031 825 3093 servent:
853 3029 950 3110 pauci
971 3033 1087 3108 001011,
1114 3048 1190 3110 quos
1215 3029 1329 3094 medios
1351 3029 1458 3094 cohors

301 3136 462 3218 praetorib
484 3136 656 3219 disiecerat,
672 3135 771 3216 paulo
794 3135 962 3212 diuorsius,
989 3135 1043 3200 seu
1063 3154 1166 3199 munes
1188 3139 1291 3199 tumen
1312 3135 1457 3201 adacrsir

306 3241 482 3308 columne
504 3242 709 3325 cosdderum,
733 3237 926 3306 Charisiano
950 3241 1171 3306 addItamenta
1193 3239 1251 3306 illa
1269 3239 1455 3307 Dietschius

305 3372 372 3418 non
395 3349 451 3414 ille
475 3348 604 3433 quidem
627 3348 738 3414 'omma
756 3347 901 3432 admisit,
924 3348 979 3412 sed
998 3351 1125 3432 partem
1145 3347 1260 3412 saltem
1279 3348 1339 3414 sic:
1356 3349 1456 3431 paulo

306 3459 463 3523 discretus
489 3455 649 3522 1111111111
676 3460 803 3538 stubbs,
835 3461 879 3521 set
905 3475 1008 3521 carnae
1036 3461 1137 3520 mmor
1160 3476 1187 3520 e.
1205 3477 1235 3540 q.
1254 3477 1292 3520 a:
1325 3454 1362 3519 de
1390 3477 1456 3541 quo

308 3563 604 3648 explicatius.dixit
618 3561 936 3628 Commentationum
959 3585 991 3646 p.
1009 3562 1053 3627 20
1072 3585 1119 3646 sq.
1154 3561 1276 3628 Verum
1295 3565 1332 3626 ut
1348 3563 1456 3628 dicam

308 3671 393 3756 quod
429 3670 547 3752 sentio,
580 3669 645 3734 vim
674 3669 854 3734 sententiae
887 3669 941 3754 qui
974 3668 1125 3734 subtilius
1158 3669 1391 3734 examinaverit
1423 3675 1458 3734 et

308 3775 412 3861 qualis
435 3776 565 3841 tandem
589 3777 752 3860 oppositio
770 3777 953 3861 requiratur
972 3775 1052 3840 satis
1071 3775 1286 3861 perpenderit,
1309 3798 1381 3842 eum
1399 3775 1455 3842 vix

307 3885 531 3975 dubitaturum
553 3887 633 3967 puto
662 3884 740 3968 quin
767 3905 834 3948 non
862 3905 925 3948 uno
954 3883 1125 3949 maeoseu
1144 3884 1254 3966 verbo,
1284 3883 1341 3949 sed
1367 3886 1456 3949 utro·

307 4013 369 4076 que
396 3995 511 4058 stactae
537 3987 870 4056 0001101111011111111
896 3990 1124 4056 testimonium
1146 3991 1378 4074 interpolatum
1402 3991 1456 4074 sit,

307 4099 388 4164 haec
411 4103 448 4164 ut
470 4119 585 4164 manus
613 4097 781 4182 scriptoris
808 4097 907 4163 fuerit
934 4096 1097 4182 perfectae
1126 4097 1355 4162 concinnitatis
1378 4095 1457 4160 arti·

307 4207 373 4270 fex:
396 4227 471 4271 uuor
492 4207 557 4286 fere
578 4227 666 4288 quem
684 4205 810 4287 quisque
828 4205 918 4270 uiuos
934 4204 1101 4286 perpncmto
1120 4203 1218 4268 100111
1236 4207 1362 4292 cepam
1384 4223 1455 4268 eum

307 4314 425 4379 amissa
447 4314 556 4378 uuiruu
577 4332 699 4394 corpore
722 4311 850 4394 tepebat:
868 4310 965 4392 pascet
987 4314 1098 4388 0111011,
1120 4329 1196 4390 qum
1218 4311 1332 4375 medios
1349 4307 1456 4376 cultore

303 4421 463 4501 praetorib
494 4420 665 4502 11101εο01111,
691 4418 801 4500 paullo
833 4417 989 4481 diuorsr'us
1019 4417 1096 4480 olis
1127 4416 1234 4500 alibi,
1268 4417 1323 4481 sed
1351 4435 1456 4484 omues

310 4530 411 4592 osan
434 4526 576 4590 udrrmsis
597 4525 772 4589 uolneribus
798 4525 998 4589 mucideram.
1050 4521 1135 4589 Nam
1159 4522 1257 4606 plane
1281 4523 1346 4588 alia
1368 4525 1455 4590 ratio
