3282 5076
297 321 362 388 230
505 338 566 384 DIE
590 323 773 382 KLTESTEN
798 330 1227 381 SClPlONENINSCHRIFTEN.

386 479 493 546 Ueber
516 481 625 546 blosse
644 477 871 560 Vermuthung
889 474 998 538 wtirde
1022 473 1091 538 sich
1111 473 1216 537 dieser
1235 471 1440 538 Zusammcn-

297 587 386 671 hang
413 585 649 652 hinausftilrren
676 585 741 648 und
774 581 920 666 ‘augleich
948 581 1005 644 der
1032 579 1209 662 Zeitpunkt
1231 580 1324 663 jener
1351 579 1441 644 Fest-

298 694 441 777 stellung
464 713 603 777 genauer
626 691 818 755 bestimmen
842 689 959 770 lassen,
982 708 1084 768 wenn,
1108 709 1175 750 was
1198 686 1443 771 unglttclslicher

298 799 407 863 Weiss
431 799 523 863 nicht
545 798 601 862 der
623 797 702 878 Fall,
726 797 760 860 in
784 796 840 859 der
862 793 1020 858 lnschrift
1043 794 1097 858 des
1122 794 1207 858 filius
1231 791 1366 859 Barbati
1390 795 1443 858 ein

299 905 396 970 Wort
418 906 479 970 mit
498 927 519 988 9
543 904 713 986 vorkiime,
736 902 793 966 das
816 923 876 966 uns
900 901 961 964 mit
985 898 1010 963 C·
1034 901 1245 986 geschrisben
1269 904 1443 986 cntgegen-

299 1013 393 1094 tr'site,
416 1011 481 1075 und
504 1032 597 1074 wenn
621 1011 694 1092 wir,
717 1009 763 1072 sei
788 1031 821 1072 es
844 1007 898 1072 flir
921 1007 947 1072 Ο
972 1006 1049 1072 oder
1071 1007 1124 1071 fiir
1145 1006 1190 1090 V,
1213 1007 1327 1091 irgend
1351 1007 1440 1073 einen

299 1119 430 1181 weitern
463 1116 721 1182 iuschriftlichen
755 1113 880 1180 Anhalt
913 1137 970 1180 sus
1000 1115 1090 1200 jener
1123 1113 1192 1178 Zeit
1223 1113 1348 1179 hitten.
1397 1113 1442 1180 Es

300 1223 417 1310 gehdrt
440 1223 518 1287 aber
541 1246 579 1286 zu
603 1223 664 1286 den
688 1221 969 1306 empfindlichsten
992 1220 1121 1286 Litckeu
1151 1221 1207 1284 der
1230 1221 1445 1286 lateinischen

299 1331 507 1416 Epigraphik
538 1330 603 1395 und
636 1331 735 1396 somit
767 1328 1091 1414 Sprachgeschichte,
1129 1328 1204 1392 dass
1236 1329 1354 1412 genade
1386 1351 1444 1393 ans

300 1439 362 1502 den
394 1438 464 1501 vier
491 1442 601 1502 ersten
629 1437 813 1502 Decennien
840 1437 896 1500 des
925 1435 1077 1500 sechsten
1103 1434 1352 1518 Jahrhundcrts,
1383 1435 1444 1500 mit

301 1543 491 1608 Ausnuhms
521 1543 577 1607 der
600 1543 714 1608 beiden
738 1541 1164 1627 Scipionengrabschriften,
1186 1543 1253 1606 fast
1275 1542 1369 1607 lreine
1392 1543 1446 1606 da·

300 1651 378 1714 tirte
402 1651 479 1716 oder
503 1651 609 1716 sicher
633 1649 794 1716 datirbare
814 1649 970 1714 Inschrift
994 1650 1052 1713 auf
1067 1673 1128 1714 uns
1147 1650 1337 1734 gelrommen
1357 1649 1447 1733 ism),

297 1755 471 1842 jedenfalls
485 1757 579 1848 lmine
595 1755 666 1820 dem
682 1756 909 1841 vorliegenden
926 1753 1040 1820 Zweck
1054 1755 1222 1840 dienende3
1238 1758 1309 1820 eine
1324 1757 1446 1841 cinzige

301 1949 469 2000 quamquam
491 1931 536 1985 hic
560 1950 622 1985 cum
642 1931 825 1994 dubitationis
844 1931 1055 2002 significatione,
1075 1930 1099 1985 si
1118 1931 1201 1986 modo
1220 1931 1255 1984 de
1274 1931 1333 1986 cius
1352 1931 1445 2001 dispu-

302 2007 500 2076 sacrosantis
523 2019 591 2073 mm
615 2021 725 2074 consue
747 2019 849 2073 unna
868 2019 1010 2074 Arcadian
1033 2019 1098 2072 ann
1124 2026 1191 2074 1853
1215 2039 1242 2090 p.
1266 2025 1317 2074 uu
1342 2020 1447 2074 insum

303 2125 386 2178 quam
407 2107 496 2162 oculis
515 2125 667 2176 numquam
686 2107 752 2161 vidi.
773 2107 878 2173 Quibus
898 2125 960 2161 cnm
979 2108 1049 2162 mihi
1068 2108 1268 2162 adversandum
1289 2126 1348 2162 esse
1363 2126 1378 2162 e
1392 2125 1447 2162 ser·

303 2215 384 2252 mone
410 2196 624 2262 intellexissem,
650 2199 743 2250 tumen
767 2196 912 2250 fatendum
936 2201 979 2251 est
1001 2215 1051 2251 nec
1074 2197 1160 2267 ipsius
1179 2199 1245 2252 anni
1264 2205 1315 2252 595
1334 2197 1449 2252 finiendi

301 2286 386 2340 aliam
406 2303 451 2340 me
470 2301 596 2339 caussam
616 2283 669 2338 nisi
688 2284 808 2338 consulis
827 2302 928 2340 nomen
943 2284 1073 2338 habuisse
1089 2287 1240 2354 (praetores
1254 2288 1348 2340 autem
1362 2285 1447 2340 etiam

302 2373 352 2428 alii
376 2391 435 2428 esse
455 2371 534 2427 Lucii
552 2373 674 2427 Cornelii
693 2373 781 2427 Gnaei
799 2373 850 2427 filii
869 2375 1039 2443 potuerunt),
1060 2391 1110 2428 neo
1129 2373 1265 2444 impedire
1283 2377 1447 2444 grammati·

302 2481 363 2516 cum
382 2461 471 2518 videri
491 2461 640 2532 quominus
659 2461 803 2532 aliquanto
822 2463 897 2516 ultra
915 2463 1136 2532 progrediamur,
1156 2461 1237 2516 modo
1257 2463 1349 2532 legum
1369 2481 1445 2534 repe·

302 2553 451 2607 lundamm
477 2553 560 2621 atque
585 2550 711 2622 agrariae
733 2553 860 2619 tempora
886 2551 1103 2622 remigremus:
1127 2569 1190 2606 nam
1211 2570 1226 2606 e
1245 2569 1336 2606 rerum
1355 2555 1446 2621 gesta-

303 2659 364 2695 rum
389 2641 523 2696 memoria
546 2639 666 2694 feliciter
690 2640 864 2694 coniectandi
887 2640 1020 2710 temporis
1040 2658 1136 2695 vereor
1159 2641 1191 2693 ut
1213 2641 1281 2695 satis
1304 2641 1400 2711 copiae
1418 2642 1448 2696 in

303 2733 435 2800 promptu
458 2729 501 2785 sit.
541 2729 610 2783 Tum
633 2731 727 2783 autem
751 2728 874 2782 inlustris
898 2731 1083 2797 monumenti,
1107 2729 1181 2799 quod
1204 2747 1277 2785 anno
1303 2737 1371 2786 1790
1390 2731 1447 2786 suis

305 2819 434 2872 manibus
453 2817 613 2872 Viscontius
632 2817 784 2884 tractabat,
807 2833 861 2870 non
885 2817 964 2886 potui
983 2835 1038 2871 non
1056 2817 1244 2888 maximopere
1263 2819 1356 2875 dolere
1374 2823 1448 2890 quod

305 2907 377 2959 nunc
396 2905 531 2959 iacturam
551 2905 655 2960 sactum
675 2905 810 2974 comperi:
830 2905 956 2974 quamvis
975 2905 1050 2960 enim
1065 2905 1186 2961 studiose
1200 2907 1236 2960 sb
1250 2909 1349 2964 amicis
1364 2928 1447 2979 quae·

303 2993 388 3047 situm
414 2993 442 3048 in
461 2993 675 3048 Barbarinorum
699 2993 826 3059 sedibus,
854 2993 902 3048 ubi
925 2993 990 3048 olim
1016 2995 1192 3064 servabatur,
1215 3013 1350 3066 nusquam
1375 3015 1448 3054 com-
1515 3045 1518 3054 .

303 3081 404 3152 paruit.
443 3083 539 3150 ltaque
564 3081 647 3137 alicui
666 3082 766 3136 saltem
790 3081 894 3136 solacio
917 3081 972 3138 fuir
996 3084 1069 3152 quod
1088 3083 1191 3152 primos
1210 3085 1281 3139 acris
1300 3087 1449 3143 versiculos

303 3173 363 3226 arte
392 3171 598 3242 chalcographa
625 3188 769 3240 expressos
791 3171 850 3226 vidi
876 3171 905 3225 iu
929 3171 1065 3228 Piranesii
1094 3173 1259 3242 ‘Lapidibus
1283 3173 1448 3246 Capitolinis
1473 3241 1476 3250 Ι

304 3260 363 3315 sive
381 3261 474 3315 Fastis
492 3259 682 3316 consularibus
700 3259 971 3331 triumphalibusque
990 3261 1188 3316 Romanorum'
1210 3279 1234 3318 a.
1256 3267 1322 3318 1762
1343 3265 1447 3320 Romae

307 3349 402 3404 editis:
421 3349 470 3404 ubi
489 3349 659 3418 praefationi
682 3367 740 3405 esse
759 3353 922 3405 ornamento
940 3351 1030 3405 voluit
1052 3351 1273 3406 commenticiam
1296 3351 1448 3423 imaginem
1510 3373 1513 3382 ·

304 3439 444 3507 quandam
471 3457 485 3492 e
511 3438 596 3494 variis
626 3437 802 3508 antiquitatis
832 3439 1019 3494 monumentis
1048 3441 1345 3510 monumentorumque
1375 3443 1447 3514 freg-

304 3529 405 3582 mentis
424 3545 442 3581 a
460 3545 488 3582 se
508 3529 710 3596 constructam,
739 3529 817 3582 cuius
836 3527 947 3581 initium
967 3529 1003 3581 ab
1022 3527 1079 3582 illis
1101 3545 1170 3594 quos
1189 3528 1246 3582 dixi
1265 3531 1389 3586 versibus
1408 3533 1447 3588 fit.

305 3617 380 3680 Quos
415 3617 466 3670 etsi
495 3619 589 3670 cetera
618 3617 700 3670 facile
728 3616 870 3685 intellegis
898 3615 1069 3670 Piraneaium
1102 3617 1177 3671 omni
1206 3616 1260 3672 fide
1288 3619 1450 3690 reddidisse,

304 3707 397 3760 tamen
422 3721 475 3758 nou
501 3705 592 3759 minus
616 3708 735 3775 apparet
757 3705 833 3774 ipsas
856 3704 959 3774 figuras
983 3703 1142 3759 litterarum
1165 3723 1219 3760 non
1243 3705 1285 3760 ita
1307 3725 1369 3762 eum
1388 3709 1448 3763 imi-

303 3795 394 3848 tatum
415 3809 472 3848 esse
491 3795 524 3847 ut
550 3811 603 3848 non
621 3793 658 3847 ad
676 3793 813 3847 noviciam
834 3809 918 3860 quam
937 3791 972 3846 ad
991 3791 1112 3862 priscum
1131 3794 1251 3863 speciem
1270 3799 1385 3869 propius
1403 3816 1447 3855 ac·

304 3883 418 3950 cedant:
442 3883 515 3937 unde
535 3883 566 3935 fit
584 3883 615 3935 ut
633 3881 699 3936 hinc
718 3881 831 3950 quidem
850 3881 884 3934 de
903 3882 997 3935 aetate
1017 3882 1188 3937 mouumenti
1208 3884 1368 3941 coniectura
1386 3881 1454 3958 capi

303 3969 444 4040 nequeat’
483 3969 512 4024 (l.
532 3969 588 4040 W.]

394 4059 420 4128 *)
439 4059 475 4113 Es
495 4059 596 4113 beders
616 4059 701 4113 kaurn
720 4059 769 4114 der
788 4059 976 4131 Erinnerung,
1000 4061 1064 4116 dass
1083 4061 1128 4116 die
1148 4063 1195 4118 des
1214 4063 1313 4117 Jahres
1332 4070 1382 4117 511
1403 4064 1449 4118 bei

304 4148 440 4204 Muratori
467 4167 492 4219 p.
513 4155 564 4204 283
584 4165 615 4202 sc
637 4151 689 4218 gut
713 4148 773 4202 eine
796 4149 954 4219 Ftilsehung
972 4149 1026 4216 ist,
1045 4151 1097 4204 wie
1116 4150 1161 4204 die
1180 4151 1229 4204 des
1249 4151 1279 4206 Α.
1301 4151 1447 4204 ATlLlVS

306 4238 511 4291 annTINVS
531 4237 597 4293 COS
617 4239 677 4308 (sie)
699 4236 745 4292 bei
769 4237 893 4292 Fabretti
911 4239 949 4306 X,
975 4245 1006 4290 12
1031 4257 1057 4308 p.
1083 4245 1147 4305 613,
1171 4239 1238 4292 oder
1260 4255 1312 4308 gar
1334 4238 1448 4292 dieder·

305 4326 388 4380 Jahre
413 4332 464 4380 450
489 4327 544 4380 und
567 4333 619 4382 396
643 4325 688 4382 bei
707 4324 843 4381 Muratori
866 4345 893 4396 p.
913 4333 961 4380 281
987 4326 1044 4380 und
1068 4327 1113 4380 bei
1137 4325 1239 4379 Donati
1260 4325 1293 4392 V,
1314 4331 1325 4378 l
1347 4343 1374 4396 p.
1396 4331 1446 4381 154

306 4413 388 4480 (nach
407 4411 480 4467 Doni
497 4413 544 4482 Vl,
564 4422 598 4470 40
617 4433 643 4486 p.
663 4417 734 4482 236).
