3116 5066
509 331 658 378 rrrvuvs
682 300 906 380 summumve
1234 317 1275 380 87

145 475 176 534 et
198 478 283 539 extra
303 475 536 540 dubitationem
558 474 653 558 ponit
671 474 850 540 versiculus
869 475 923 540 ille
943 475 1104 552 εὐδαίμων
1128 474 1147 538 ὁ
1167 475 1275 554 Κόριν-

145 585 205 659 tot,
229 583 287 660 ἐγὼ
309 583 336 647 δ’
361 583 430 662 εἴην
449 580 607 660 Τενεάτηε
631 576 697 666 (vel
722 579 899 665 Γενεάτηε),
928 604 947 644 a
970 579 1130 646 Strabone
1158 603 1187 663 p.
1211 581 1276 646 380

143 688 280 768 proditus
305 693 337 754 et
360 688 526 772 Stephano
549 686 707 772 Byzantio
737 710 765 750 v.
789 690 809 752 Γ
811 689 885 752 ενέα
914 691 947 752 et
975 687 1116 752 Zenobio
1146 687 1209 769 Ill,
1232 689 1274 750 96

143 812 211 856 cum
232 794 363 861 Arsenio
391 818 421 879 p.
440 796 519 878 244,
548 791 646 859 Suida
674 817 701 858 v.
725 794 885 871 εὐδαίμων
913 793 1153 877 Eustathioque
1181 794 1215 858 in
1239 794 1275 858 ll.

142 919 169 980 p.
181 899 252 984 301,
264 903 312 967 39.
344 901 406 968 Sed
427 925 444 966 e
464 899 588 966 Latinis
608 901 662 985 qui
680 901 761 966 mm
776 902 927 984 Abydum,
949 901 1173 983 Epidamnum,
1195 901 1274 982 Epi-

140 1005 278 1093 daurom,
299 1011 486 1093 Septimum,
512 1009 681 1074 Tarentum
704 1009 835 1092 dixerit,
858 1009 988 1094 ignoro:
1019 1012 1130 1073 contra
1153 1009 1193 1072 ad
1217 1009 1273 1073 ho-

141 1132 209 1176 rum
226 1115 478 1200 similitudinem,
502 1138 584 1201 quae
603 1121 680 1180 sunt
698 1116 770 1180 tuce
784 1117 943 1198 Supremos
966 1119 998 1180 et
1020 1115 1075 1180 too
1091 1113 1274 1198 Sapientem,

139 1216 209 1283 tneo
230 1223 376 1289 Tarentus
404 1223 516 1288 ethos
541 1223 723 1300 Tarentum,
753 1223 862 1307 qualia
889 1223 990 1286 habes
1014 1221 1101 1305 apud
1119 1220 1273 1286 Vossium

140 1324 379 1412 deanaI.I,12,
402 1328 703 1394 Drakenborchium
722 1329 756 1394 iu
776 1327 847 1394 Silii
866 1328 971 1412 XVII,
985 1330 1049 1394 329
1073 1329 1273 1413 eundemque

138 1431 170 1494 in
188 1432 266 1500 Livii
289 1436 405 1502 LXXI
424 1438 502 1520 epit.
524 1440 557 1501 et
575 1458 643 1520 cap.
662 1437 715 1519 21,
738 1436 893 1520 intellego
916 1434 1060 1520 potuisse
1079 1435 1178 1500 etiam
1200 1435 1274 1500 lmec

136 1539 292 1610 Corinthus
314 1549 347 1608 et
369 1543 424 1608 hoc
442 1543 624 1609 Corinthum
647 1542 810 1607 declinari.

223 1649 267 1715 Ad
296 1651 422 1716 litteras
452 1654 489 1714 ut
517 1653 695 1734 transeam,
728 1649 814 1734 quod
847 1650 1135 1734 orthographicum
1169 1671 1270 1735 genus

136 1756 318 1838 appellitant
340 1759 470 1823 nomine
493 1780 607 1842 perum
635 1757 786 1841 apposito
814 1757 960 1840 adrem,
988 1761 1021 1821 et
1049 1758 1269 1823 memorabilis

136 1863 167 1922 et
185 1863 268 1928 utilis
286 1871 415 1950 praeter
435 1864 518 1930 alios
536 1865 651 1929 titulus
671 1863 889 1928 Mummiauus
909 1867 959 1929 est
977 1868 1157 1948 propterea,
1177 1866 1270 1950 quod,

136 1967 195 2032 nisi
219 1969 282 2054 ipse
305 1995 378 2038 cum
401 1972 519 2056 lepidis
543 1975 613 2036 tum
636 1971 819 2036 litterarum
841 1972 964 2056 species
984 1972 1080 2037 fidem
1099 1971 1198 2036 iaciat
1220 1995 1268 2036 ar-

137 2072 299 2162 chetypum
322 2101 393 2143 esse
412 2100 470 2143 nec
489 2079 706 2144 instauratum
725 2083 866 2162 tantum,
890 2079 942 2144 vix
961 2079 1133 2163 quicquam
1152 2080 1196 2144 sit
1214 2102 1270 2144 cur

137 2202 197 2246 non
220 2206 295 2250 auno
319 2186 447 2252 circiter
476 2185 724 2271 quadragesimo
753 2185 862 2269 potius
887 2208 983 2270 quam
1007 2191 1123 2251 octavo
1150 2187 1268 2251 saeculi

139 2290 256 2371 septimi
279 2291 454 2378 tribuas.*)
491 2292 567 2357 Non
589 2293 705 2376 loquor
727 2291 766 2356 de
790 2292 950 2357 vocalium
973 2292 1144 2377 longarum
1169 2293 1268 2377 gomi-

137 2395 264 2482 natione,
286 2422 369 2484 quae
391 2421 432 2464 ne
454 2399 518 2463 fuit
540 2399 670 2484 quidem
693 2398 903 2464 remotissimi
922 2400 1007 2482 aevi,
1031 2399 1084 2463 sed
1105 2419 1266 2482 gramma-

138 2499 261 2570 ticorum
283 2511 320 2570 ut
342 2509 422 2590 puto
445 2509 521 2570 tunc
545 2505 820 2570 efflorescentibus
845 2506 959 2570 studiis
979 2507 1117 2588 septimo
1140 2506 1267 2570 demum

138 2612 251 2676 saeculo
273 2614 407 2678 inventa
429 2615 493 2696 est,
520 2633 579 2675 nec
601 2611 692 2696 prius
720 2610 778 2674 illa
802 2633 900 2695 quom
922 2610 958 2674 in
981 2611 1102 2675 tubulis
1126 2611 1268 2676 Bantius

139 2717 168 2777 et
185 2715 315 2784 (tenuati
339 2739 500 2802 apparens
522 2737 583 2781 nec
606 2717 673 2781 ullo
696 2719 840 2800 tempore
864 2720 1026 2782 constans.
1058 2715 1180 2780 Verum
1204 2716 1266 2782 duo

139 2839 244 2902 genera
265 2829 353 2905 sunt,
380 2823 415 2887 in
439 2823 556 2907 quibus
580 2845 651 2887 cum
675 2823 747 2906 ipso
770 2822 864 2887 initio
893 2823 1023 2906 septimi
1047 2823 1167 2888 saeculi
1190 2824 1266 2888 fluc-

138 2925 236 2991 tuarit-
250 2929 424 3015 scriptura,
447 2937 521 2994 'non
549 2929 765 3014 antiquiorem
795 2929 903 3013 potius
933 2952 1029 3014 quam
1054 2930 1266 2995 recentiorem

140 3037 384 3102 consuetudinem
407 3035 491 3120 lapis
520 3034 695 3100 Vaticanus
723 3035 913 3120 participet:
944 3036 1009 3101 tria
1037 3037 1113 3118 alia,
1140 3038 1174 3102 in
1199 3039 1265 3122 qui-

140 3134 192 3200 bus
213 3139 262 3208 ille
283 3143 472 3208 recentioris
496 3164 573 3206 usus
597 3143 745 3226 exempla
767 3143 911 3208 omnium
931 3143 1158 3228 antiquissima
1175 3169 1265 3230 prae-

141 3239 213 3308 beat
252 3249 340 3327 Quae
368 3251 415 3314 ita
441 3249 554 3333 paucis
581 3248 811 3334 perstringam,
846 3253 881 3314 ut
911 3272 1060 3315 nummos
1093 3255 1203 3317 tamen
1231 3253 1264 3316 in

139 3366 272 3426 praesens
295 3355 565 3442 praetermittam.
607 3353 655 3418 Ao
678 3354 841 3438 primum
865 3355 996 3438 quidem
1019 3356 1181 3439 simplices
1204 3381 1264 3442 pro

113 3543 115 3550 Ι
140 3457 293 3534 geminatis
318 3463 571 3530 consonantibus
599 3461 654 3525 ille
677 3461 776 3526 habet
798 3462 912 3546 nullos,
936 3461 992 3526 sed
1015 3461 1167 3526 MVMMI
1194 3487 1220 3530 v.
1238 3467 1264 3547 l,

139 3555 260 3634 BELLO
284 3594 313 3636 v.
334 3572 362 3636 7.
408 3569 511 3646 Quam
536 3567 859 3653 geminationem**),
888 3570 1095 3652 repetendam
1124 3593 1209 3655 eam,
1237 3574 1263 3637 si

137 3677 341 3746 commaticis
365 3676 533 3760 oredimus,
557 3697 574 3739 a
595 3674 631 3751 Q.
645 3675 743 3740 Ennii
767 3676 961 3740 auctoritate
985 3681 1082 3762 atque
1108 3679 1263 3762 exemplo,

137 3789 196 3836 oum
217 3784 266 3848 rel
291 3781 348 3848 So.
372 3784 411 3848 de
434 3783 653 3848 Bacanalibus
680 3805 812 3866 prorsus
841 3783 983 3868 ignoret,
1014 3783 1101 3849 haud
1125 3785 1190 3849 scio
1222 3808 1262 3850 au

135 3911 332 3936 ''N-...q

207 3997 235 4065 ¹²)
253 3995 409 4066 [Annorum
428 3999 480 4048 608
500 3995 529 4048 et
547 3997 599 4048 620
617 3992 717 4047 finibus
735 3992 850 4048 titulum
872 3992 1071 4048 Mummiauum
1092 3993 1262 4050 Ritschelius

131 4064 244 4153 iucluflit,
272 4085 321 4140 eed
345 4083 381 4138 ad
404 4083 478 4137 huuc
502 4081 588 4137 etium
610 4082 724 4151 propius
747 4099 831 4152 quam
854 4082 889 4136 acl
917 4081 997 4136 illum
1024 4081 1150 4137 admovIt
1172 4083 1262 4138 Musei

130 4151 203 4220 Iber.
225 4176 246 4228 t.
260 4173 299 4226 ni
316 4170 498 4227 adnotatione
518 4170 554 4226 ao
572 4178 630 4240 pe
651 4171 734 4240 (infra
751 4189 778 4224 n.
793 4171 864 4239 vu).
907 4170 935 4226 o.
951 4171 1008 4240 wi

185 4251 233 4328 *ἢ
252 4261 368 4333 [Videas
387 4276 458 4328 quae
478 4259 512 4314 de
532 4259 586 4314 hac
609 4259 820 4316 consonantium
839 4258 1029 4329 geminatione
1052 4259 1181 4329 exposuit
1199 4261 1259 4316 Rit

128 4331 239 4404 IchIlius
257 4351 380 4405 Menum.
399 4348 486 4418 epigr.
505 4351 539 4403 tr.
559 4348 643 4416 (infru
661 4367 686 4401 n.
702 4347 738 4418 V)
758 4367 784 4418 p.
802 4347 824 4402 V
840 4367 880 4417 sq.
901 4351 929 4402 et
948 4347 1076 4417 exempla
1095 4349 1217 4406 collect!
1231 4350 1260 4404 in

129 4414 152 4473 P·
166 4421 195 4479 h.
219 4438 256 4494 u.
274 4439 304 4492 n.
326 4437 385 4492 tau.
403 4437 452 4491 nx
472 4437 572 4493 n-n.
611 4437 639 4492 c.
655 4438 711 4508 m]
