3254 5090
234 303 316 374 ,438
411 319 448 365 rn
472 317 584 365 uncus
608 316 798 365 msuunrsu
821 316 1006 365 auronum
1032 315 1239 364 consuamus

250 463 371 526 latores
400 461 482 546 legis
512 460 666 544 cuiusque
689 460 881 526 tribuniciae
910 459 1009 524 fuisse
1033 459 1226 524 creduntur?
1271 457 1400 543 Nequa-

252 589 348 653 quam
380 591 439 633 nos
472 568 557 654 fugit
589 567 785 632 contrariam
812 567 972 632 rationem
1000 587 1066 631 non
1094 565 1174 632 satis
1201 565 1334 649 probari
1361 587 1400 630 eo

252 675 336 760 quod
359 675 641 760 promulgatorum
665 673 794 758 quidem
824 696 843 738 a
866 673 1013 758 pluribus
1037 673 1147 758 legum
1170 672 1303 737 minime
1326 694 1401 737 rara

252 782 374 847 mentio
394 786 456 847 est:
481 781 571 846 velut
590 803 609 845 a
627 802 743 846 novem
763 779 903 846 tribunis
922 779 1150 864 promulgatae
1174 779 1257 863 apud
1273 777 1400 843 Liuium

251 888 309 973 IV,
326 890 354 973 1,
368 889 398 974 2,
422 889 462 954 ab
483 892 555 954 octo
575 887 660 972 apud
679 885 868 953 Ciceronem
892 888 985 972 epist.
1009 887 1049 952 ad
1072 885 1148 952 fam.
1166 885 1236 971 1,9,
1254 885 1292 950 16
1316 885 1400 950 conl.

202 1049 205 1054 ,
254 999 332 1061 orat.
361 995 395 1060 in
422 995 571 1061 Pisonem
602 994 652 1079 15,
668 993 723 1079 35,
755 1017 814 1078 pro
844 992 951 1059 Sestio
980 995 1032 1078 33,
1052 994 1108 1058 72:
1140 1015 1223 1078 quae
1253 991 1401 1075 exempla

254 1103 419 1170 commode
450 1100 679 1186 Marquardtus
712 1101 896 1186 composuit
922 1098 1103 1166 Euchiridii
1133 1099 1233 1184 antiq.
1261 1098 1352 1164 Rom.
1381 1119 1402 1162 a

253 1209 395 1275 Beckerc
415 1209 560 1275 incohati
579 1212 603 1274 t.
616 1207 649 1273 Π
667 1213 750 1294 part.
765 1209 785 1273 3
805 1231 835 1292 p.
850 1209 902 1275 60.
934 1208 1020 1275 Nam
1037 1207 1217 1274 rectissime
1233 1206 1402 1272 abeodem

205 1341 241 1381 11
255 1316 447 1384 adnotatum
466 1320 516 1380 est
534 1338 564 1398 p.
581 1316 644 1380 124
663 1315 852 1399 plerumque
871 1315 910 1380 de
929 1317 1097 1398 compacto
1114 1313 1302 1380 convenisse
1316 1312 1402 1378 inter

254 1422 525 1508 promulgatores,
549 1445 568 1486 a
587 1445 649 1508 quo
669 1426 839 1506 rogaretur
857 1422 968 1506 plebes
987 1421 1288 1506 praecidereturque
1305 1419 1401 1485 comi·

255 1525 311 1594 tiis'
335 1534 367 1594 et
390 1551 509 1596 nomen
532 1530 599 1616 legi
617 1529 789 1610 inderetur,
809 1529 837 1594 si
856 1528 950 1594 modo
972 1527 1184 1594 dissentiendi
1203 1525 1402 1592 interceden-

256 1635 327 1701 dive
353 1658 468 1702 caussa
490 1636 582 1706 nulla
604 1637 737 1702 inventa
760 1639 854 1700 esset.
886 1632 985 1701 Cuius
1004 1634 1050 1700 rei
1070 1634 1294 1720 planissimum
1313 1634 1404 1700 testi·

256 1743 401 1809 monium
425 1743 510 1836 apud
530 1741 718 1808 Ciceronem
742 1744 850 1806 exstat
874 1739 1008 1825 delego
1032 1741 1160 1826 agraria
1182 1739 1230 1825 ΙΙ,
1248 1741 1278 1825 2,
1297 1741 1339 1805 22
1364 1740 1403 1805 de

256 1850 290 1916 P.
315 1849 453 1916 Servilio
477 1849 510 1914 P.
535 1848 556 1914 f.
580 1849 675 1916 Rullo
704 1849 783 1915 haec
806 1849 978 1914 dicentem:
1009 1845 1053 1912 ‘et
1077 1847 1228 1912 videlicet
1250 1847 1403 1932 conlegas

257 1981 332 2039 suos
356 1957 572 2040 adscriptores
599 1956 681 2041 legis
705 1955 853 2039 agrariae
876 1976 941 2020 non
965 1937 1162 2038 repudiabit,
1191 1955 1350 2038 aquibus
1373 1955 1403 2018 ci

258 2065 347 2130 locus
370 2065 492 2147 primus
517 2062 551 2127 in
573 2060 717 2146 indice*)
741 2065 773 2125 et
796 2061 830 2125 in
853 2061 1106 2145 praescriptione
1129 2060 1213 2145 legis
1233 2083 1404 2126 concessus

258 2169 329 2236 est'
374 2169 444 2235 Hos
469 2191 544 2234 vero
569 2166 809 2253 ‘adscriptorcs'
837 2189 916 2252 quos
940 2167 1022 2232 alios
1045 2167 1111 2232 nisi
1134 2191 1190 2233 eos
1213 2168 1404 2252 interpreta-

259 2279 334 2342 bere
358 2277 414 2362 qui
437 2279 567 2361 praeter
585 2276 687 2360 illum,
711 2275 761 2340 cui
780 2274 903 2359 primus
921 2273 1010 2340 locus
1030 2296 1209 2359 concessus,
1232 2274 1405 2359 adscriptis

258 2383 443 2450 nominibus
467 2384 533 2450 suis
558 2383 684 2468 plebem
709 2381 748 2448 de
771 2381 904 2448 ferenda
930 2381 1002 2467 lege
1026 2382 1232 2467 rogaverint?
1269 2381 1404 2447 Brevius

347 2647 373 2715 *)
392 2647 445 2702 Hic
464 2649 582 2716 quaerat
600 2642 740 2715 quispiam
763 2646 904 2714 quomodo
924 2649 1056 2715 primus
1078 2646 1110 2699 in
1131 2645 1222 2700 indice
1245 2647 1320 2701 tcum
1342 2663 1406 2701 con·

260 2737 322 2792 cedi
339 2735 476 2806 potuerit,
505 2735 616 2805 quando
640 2737 856 2790 consentaneum
879 2737 934 2802 est,
962 2737 994 2790 ut
1012 2735 1148 2804 exemplis
1166 2737 1288 2802 ummur,
1314 2735 1406 2805 legem

261 2824 439 2895 Calpurniam
463 2825 510 2881 vel
527 2823 696 2894 Appuleiam
720 2841 775 2879 non
799 2825 855 2880 alio
880 2823 934 2878 nisi
958 2823 1124 2880 tali'indice
1148 2822 1245 2878 fuisse:
1274 2824 1406 2882 L·CAL-

260 2912 400 2966 PVRNIA
415 2943 421 2954 ·
436 2911 484 2965 DE
501 2943 507 2954 ·
524 2911 755 2966 REPETVNDIS
789 2917 817 2968 et
844 2913 865 2966 L
878 2911 1074 2966 -nPPVLEIA
1087 2941 1093 2954 ·
1104 2911 1150 2966 DE
1162 2941 1168 2953 ·
1179 2911 1406 2968 MAIESTATE·

260 2995 422 3054 Mluvrnss
452 2999 532 3054 Vnde
555 3015 611 3054 non
633 2999 719 3053 mirer
745 2999 768 3054 si
793 3000 854 3068 quis
877 2999 1070 3070 neglegentius
1097 3000 1222 3056 locutum
1246 2999 1407 3057 Ciceronem

261 3088 333 3142 nihil
356 3088 413 3143 nisi
434 3089 487 3143 hoc
510 3089 631 3144 voluisse
654 3091 767 3160 arguat:
796 3089 930 3158 aquibus
952 3089 978 3144 ei
1001 3090 1074 3144 locus
1089 3091 1199 3158 psincus
1221 3106 1250 3144 so
1269 3105 1408 3146 ammaonte

260 3184 299 3233 cst
317 3183 348 3232 ut
367 3183 391 3233 ct
409 3179 441 3232 in
459 3179 550 3234 indice
568 3182 593 3232 et
606 3179 717 3246 primeca
735 3179 766 3232 ia
780 3179 999 3247 praescriptione
1012 3183 1168 3247 pennam.
1201 3179 1305 3234 Varum
1323 3180 1408 3250 longe

259 3273 355 3324 tamen
373 3268 457 3323 aliter
474 3267 509 3322 de
528 3267 582 3322 hoc
600 3285 703 3336 genere
721 3267 899 3323 statuendum
917 3267 1035 3323 videtur.
1066 3267 1208 3339 Cogitavit
1221 3269 1296 3324 enirn
1311 3269 1407 3326 Cicero

261 3359 336 3414 haud
355 3357 439 3414 dubie
458 3358 493 3412 de
511 3356 616 3412 talibus
640 3357 736 3426 quales
758 3355 836 3411 luere
856 3355 1203 3412 concremamini
1225 3357 1270 3412 vel
1290 3356 1407 3412 CAECI-

261 3447 322 3501 LIA
335 3477 340 3489 ·
351 3447 454 3502 DIDIA
481 3446 525 3502 uel
546 3445 678 3501 GELLIA
690 3475 695 3486 ·
707 3444 903 3500 CORNELIA:
931 3461 966 3499 ne
985 3462 1018 3500 ex
1037 3443 1235 3514 imperatorum
1255 3449 1348 3502 aetate
1366 3447 1407 3502 L·

260 3535 450 3591 MAMILIAM
462 3565 467 3576 ·
478 3533 638 3590 ROSCIAM
650 3565 655 3577 ·
665 3533 889 3589 PEDVCAEAM
900 3563 906 3576 ·
916 3532 1108 3587 ALLIENAM
1120 3563 1125 3575 ·
1135 3533 1273 3588 FABIAM
1291 3535 1345 3590 huc
1359 3536 1406 3590 sd—

262 3625 420 3680 eciscamus.
453 3623 535 3679 Tales
555 3623 628 3679 enim
647 3623 724 3693 leges
742 3623 892 3694 adscriptis
911 3623 940 3676 in
958 3622 1050 3677 indice
1068 3625 1230 3693 rogatorum
1248 3623 1408 3680 nominibus

144 3719 151 3733 '
262 3729 356 3769 carere
376 3711 489 3767 omnino
512 3730 568 3768 non
586 3715 750 3782 potuerunt:
777 3713 850 3768 unde
874 3711 947 3767 eninr
971 3711 1128 3767 binomines
1151 3728 1211 3766 esse
1234 3713 1408 3783 intellegere-

262 3805 325 3858 tur?
363 3799 466 3858 Contra
489 3815 506 3854 a
529 3800 645 3870 singulis
669 3801 829 3871 appellatae
852 3803 929 3873 leges
952 3801 1095 3872 adscripto
1119 3800 1234 3858 nomine
1260 3819 1330 3872 opus
1353 3820 1407 3858 non

262 3894 393 3960 habuere,
411 3890 516 3962 quippe
535 3891 609 3960 quod
628 3908 662 3946 cx
680 3908 722 3962 eo,
741 3909 758 3947 a
776 3907 831 3960 quo
850 3891 895 3946 lex
915 3891 1062 3958 ordiretur,
1085 3891 1196 3947 nomine
1215 3889 1283 3946 satie
1302 3892 1408 3962 perspi·

263 3982 378 4036 ceretur.
416 3980 489 4035 Hinc
507 3979 594 4052 igitur
612 3997 671 4035 esse
690 3983 835 4050 putamus,
861 3980 935 4049 qnod
954 3980 984 4036 in
1007 3980 1047 4036 eis
1071 3978 1121 4049 qui
1142 3979 1194 4035 soli
1212 3979 1296 4036 hodie
1315 3997 1408 4051 ruper-

263 4069 343 4125 stitcs
370 4071 436 4124 aunt
458 4069 552 4140 legum
573 4069 717 4124 Corneliae
742 4071 771 4124 et
789 4069 927 4126 Antoniae
951 4068 1089 4124 indicibus
1112 4067 1183 4122 nihil
1205 4071 1317 4138 praeter
1339 4069 1409 4124 haec

263 4159 466 4228 praescriptum
489 4161 543 4216 est:
572 4157 751 4224 Dic-xxo
778 4160 808 4212 et
828 4155 1290 4214 uu-Tasmssl-Prslnmnr.
1328 4158 1408 4213 Vnde

263 4265 355 4301 rursus
374 4247 427 4302 hoc
445 4247 620 4318 perspicitur,
639 4247 673 4302 de
693 4247 910 4304 Thermensibus
929 4249 1021 4318 legem
1040 4247 1120 4302 illam
1138 4263 1193 4302 non
1212 4263 1280 4315 esse,
1300 4245 1408 4316 dequo

250 4325 345 4390 'facile
368 4336 508 4418 ¹quispiam
531 4336 649 4407 cogitet,
677 4336 830 4393 Antoniam
854 4337 1011 4392 Corneliam
1039 4337 1155 4405 dictam,
1184 4335 1233 4392 sed
1255 4334 1408 4391 Antoniam

264 4421 435 4493 simpliciter.
