3246 5082
289 306 353 371 296
386 322 433 369 nu
457 320 654 369 mcmnmvs
679 320 890 370 ominosum
913 321 1121 370 auumosvn
1146 321 1413 380 nuu1ov1ssm1s.

288 464 415 551 Latine,
438 469 549 530 tamen
572 465 671 529 ctiam
695 465 909 550 antiquiorem
924 463 1166 546 Belleroplmnta
1188 464 1327 530 formam
1342 463 1433 530 Plau·

287 572 431 637 tinorum
464 561 619 636 memoria
651 571 808 644 librorum
839 574 988 636 testatur.
1042 570 1081 636 In
1104 569 1319 636 Bacchidibus
1347 571 1433 636 enim

288 700 317 744 v.
342 679 407 744 810
444 675 525 763 (IV,
549 679 582 762 7,
608 676 668 764 12)
710 683 784 742 cuni
820 677 895 744 bello
931 677 1111 760 ropbuntcm
1145 679 1212 743 iam
1248 677 1432 762 antiquissi-

289 807 359 850 mus
392 785 491 850 codex
523 785 690 850 Palatinus
722 788 880 869 praestet,
914 785 968 850 ubi
1001 784 1145 850 additam
1177 786 1243 849 ium
1276 784 1432 870 syllabam

288 911 470 976 repugnare
493 891 636 957 numeris
660 890 784 976 pridem
807 891 1010 957 intellectum
1029 895 1089 976 cst,
1111 891 1196 957 hauc
1213 890 1343 975 quidem
1361 913 1431 976 pro-

289 999 365 1065 clivi
394 997 584 1066 ¹coniectura
621 1020 637 1063 e
670 999 729 1064 tali
761 999 983 1084 dittographia
1019 1000 1194 1084 repetimus
1226 999 1432 1082 beloroplaa-

289 1109 332 1144 lm

289 1165 360 1244 mm,
392 1159 563 1224 Plautinus
595 1181 708 1226 versus
736 1163 774 1224 ut
800 1159 984 1225 huiusmodi
1012 1159 1092 1225 olim
1120 1159 1232 1224 fucrit:
1259 1160 1305 1242 A,
1333 1157 1431 1224 Betu-

288 1266 472 1348 roplcunlum
501 1268 568 1333 laios
594 1288 642 1333 ose
666 1267 740 1348 fecit
763 1267 863 1348 silius,
910 1266 1031 1343 Quodsi
1058 1267 1131 1351 ipsa
1153 1266 1304 1331 Plautina
1327 1270 1432 1332 aetate

288 1395 348 1437 neo
376 1373 576 1457 geminatum
602 1395 662 1439 noc
690 1375 870 1458 aspiratum
899 1397 970 1440 csse
999 1375 1196 1458 meminoris,
1229 1372 1432 1439 aMELER·

290 1475 446 1545 Plebe
482 1480 625 1564 nominc,
662 1481 747 1564 quod
779 1484 830 1545 est
860 1482 894 1546 in
926 1482 1071 1568 speculo,
1107 1485 1175 1546 tam
1207 1503 1307 1566 propo
1339 1479 1432 1546 Plau·

289 1585 359 1650 tina
381 1585 708 1652 BELEROPANTA
731 1587 837 1652 forma
859 1588 965 1672 abest,
995 1591 1032 1652 ut
1053 1593 1181 1672 praeter
1205 1589 1371 1673 extritam,
1397 1591 1434 1652 ut

289 1692 401 1758 multis
426 1695 579 1778 exemplis
603 1695 686 1780 aliis,
710 1696 856 1778 copulam
880 1695 1025 1760 vocalem
1047 1694 1130 1760 nihil
1153 1695 1347 1760 discriminis
1369 1697 1434 1760 nisi

290 1823 349 1884 pro
372 1821 404 1865 m
427 1801 540 1866 labiali
559 1802 688 1867 labialis
712 1803 730 1868 b
754 1805 863 1868 restet.
900 1802 1003 1879 Quam
1027 1803 1183 1868 rationem
1210 1823 1338 1867 omnem
1361 1825 1434 1867 oum

289 1906 344 1971 vix
367 1906 500 1972 redditis
531 1909 611 1974 mihi
640 1909 761 1993 speculi
788 1909 1054 1994 inscriptionibus
1083 1933 1155 1975 cum
1179 1907 1323 1974 Brunnic
1347 1909 1434 1974 Hen-

290 2034 432 2098 zenoquc
454 2017 524 2079 tum
548 2015 620 2079 aliis
644 2016 847 2102 probassem,
870 2021 946 2100 post
969 2016 1078 2103 aliqua
1101 2039 1139 2082 ex
1161 2021 1254 2102 parte
1278 2017 1376 2081 ctiam
1400 2018 1436 2082 in

291 2117 448 2183 Gerhardi
472 2119 560 2185 Diar.
585 2107 745 2186 arubaeol.
768 2143 796 2186 a.
820 2121 904 2188 1859
928 2145 958 2209 p.
978 2122 1043 2188 87*
1073 2121 1330 2188 commendatam
1360 2121 1437 2187 vidi.

291 2221 353 2306 [cf.
377 2223 412 2291 0.
430 2224 454 2290 Ι.
473 2225 507 2290 L.
530 2225 547 2290 I
570 2249 601 2292 n.
621 2227 687 2308 60.]
