3216 5082
311 362 376 428 506
543 375 686 429 Pulscnn
709 379 936 430 LATINITA'I'IS
959 377 1218 430 EPIGRAPHIOAE

399 521 571 589 Corollarii
593 524 679 608 loeo,
707 523 860 608 quoniam
884 524 923 589 de
946 523 1107 590 dictatura
1128 523 1238 608 paullo
1263 524 1458 608 explicatius

309 630 462 715 diximus,
484 652 552 696 non
575 631 633 696 aba
656 653 692 696 re
715 631 814 696 fuerit
837 632 936 698 etiem
955 632 993 697 de
1011 631 1199 718 magisterio
1218 630 1364 715 equitum
1377 635 1457 716 pau-

310 739 356 803 cis
380 737 573 824 significare,
597 759 791 823 quemquem
814 738 848 804 id
871 739 911 806 od
935 739 1181 823 inscriptionem
1204 741 1352 804 nostram
1374 738 1456 804 nihil

309 846 459 930 pertinet.
504 843 591 910 Nam
614 845 653 910 dc
675 845 738 912 hoe
760 868 887 933 quoque
915 847 1022 912 minus
1051 845 1224 931 diligenter
1246 843 1390 929 praecipi
1412 845 1455 910 ab

310 953 430 1018 eisdem
458 951 707 1018 enchiridiorum
735 954 948 1038 scriptoribus
978 951 1206 1018 intelleximus.
1253 950 1395 1028 Quorum
1418 955 1456 1016 nt

310 1061 467 1125 incuriam
491 1060 632 1126 breviter
655 1061 807 1143 vitemus,
835 1061 1098 1146 magisteriorum
1121 1059 1253 1124 illorum
1276 1058 1360 1124 hono
1382 1081 1456 1143 pro-

309 1168 474 1251 ponimus,
506 1188 588 1250 quae
612 1165 653 1232 ad
676 1167 872 1234 dictatorum
900 1166 1021 1232 indices
1045 1165 1289 1238 accommodate
1311 1169 1375 1250 est,
1402 1187 1456 1230 an·

310 1295 426 1338 norum
449 1273 604 1338 tabulam.
649 1273 756 1359 Igitur
780 1273 944 1338 sciendum
967 1277 1018 1339 est
1040 1272 1140 1338 fuisse

310 1455 377 1518 per
395 1453 515 1497 annos
560 1431 771 1516 magistros
791 1452 843 1516 eq.
863 1432 1088 1498 consulares
1135 1452 1209 1496 non
1228 1431 1456 1496 consulares

333 1539 508 1604 253—387
790 1535 871 1603 XIII
1266 1535 1331 1602 VII

333 1645 509 1711 391-433
800 1642 866 1709 VH
1261 1641 1340 1708 XXI

332 1752 509 1818 434-466
811 1747 860 1814 IX
1274 1747 1322 1814 IV

332 1857 510 1925 468-552
822 1855 851 1922 X
1197 1849 1202 1858 ’
1266 1855 1331 1922 VII

203 2047 207 2072 ι
240 2045 298 2086 xrv
311 2018 405 2084 Vnde
428 2019 628 2104 intellegitur
652 2039 690 2083 ee
713 2019 832 2100 aetate,
861 2038 957 2100 quam
982 2017 1119 2082 alterum
1142 2015 1291 2100 fecimus,
1323 2039 1457 2102 prorsus

312 2125 450 2190 similem
478 2125 637 2190 rationem
666 2124 750 2188 inter
772 2122 957 2188 consulares
987 2127 1020 2188 et
1041 2145 1106 2188 non
1130 2123 1315 2190 consulares
1338 2124 1458 2210 magis-

311 2236 379 2296 tros
404 2231 549 2316 equitum
573 2235 669 2316 atque
693 2230 868 2296 dictatores
890 2230 1124 2315 intercessisse,
1155 2230 1219 2296 nisi
1244 2230 1329 2316 quod
1353 2231 1458 2296 multo
1576 2231 1577 2244 ¹

311 2340 410 2404 etiam
433 2339 538 2404 meior
560 2359 712 2402 numerus
735 2359 802 2402 non
825 2337 1041 2402 consularium
1062 2337 1144 2420 fuit:¹
1160 2340 1236 2422 post
1258 2359 1378 2402 annum
1402 2361 1458 2404 an-

310 2449 378 2511 tem
405 2445 471 2512 433
503 2445 636 2512 minime
663 2466 734 2510 esse
763 2443 867 2509 eidem
899 2447 997 2530 atque
1029 2443 1064 2509 in
1096 2443 1258 2510 dictatura
1289 2444 1458 2510 severitati

310 2553 417 2620 locum
440 2552 560 2620 datum.

401 2871 557 2959 Superest
579 2876 617 2938 ut
638 2872 781 2958 reliquas
804 2871 1033 2956 inscriptiones
1055 2871 1215 2938 tabulae
1238 2870 1254 2936 I
1278 2871 1367 2956 [XV]
1388 2875 1460 2940 bre

312 2980 396 3045 viter
418 3000 674 3063 percenseamus.

400 3083 515 3170 Itaque
543 3086 603 3150 sub
627 3085 662 3150 B
689 3085 837 3169 speculi
864 3085 952 3152 illius
982 3083 1137 3172 (losoni,
1168 3087 1253 3172 qnod
1281 3087 1316 3152 in
1342 3087 1460 3154 Monu-

313 3195 495 3257 mentorum
518 3191 666 3258 Instituti
690 3191 926 3278 archaeologiei
948 3193 1088 3258 Romani
1111 3194 1175 3259 vol.
1188 3193 1237 3259 VI
1263 3195 1329 3260 tub.
1347 3193 1458 3262 XXIV

315 3295 402 3380 [01.
417 3297 451 3364 I..
470 3299 486 3364 Ι
504 3322 534 3364 n.
550 3299 606 3383 573
630 3297 669 3363 cf.
685 3298 766 3364 Add.
787 3320 818 3383 p.
833 3298 912 3380 554]
937 3300 1136 3386 publicatum
1160 3301 1351 3367 iteravimus
1369 3301 1404 3367 P.
1422 3302 1458 3368 L.

313 3407 356 3473 M.
366 3405 404 3472 Ε.
418 3408 485 3472 tab.
499 3405 545 3472 XI
560 3405 620 3472 sub
630 3406 674 3472 M
685 3405 737 3488 [cf.
748 3428 848 3490 supra
856 3429 887 3491 p.
897 3406 987 3491 295J,
1000 3429 1071 3472 eam
1084 3430 1167 3492 qnae
1182 3408 1222 3474 ad
1236 3408 1458 3491 Proscpim

313 3517 439 3597 spectat
461 3514 672 3600 epigraphem
695 3515 1008 3599 repraesentavimus
1032 3535 1118 3582 novo
1141 3515 1288 3600 exemplo
1312 3515 1392 3580 duee
1416 3516 1456 3580 ab

313 3611 453 3685 chrico
469 3621 614 3685 Bruunio
633 3624 757 3703 parato.
784 3619 812 3684 E
833 3641 895 3704 quo
911 3623 998 3684 certo
1017 3620 1219 3704 perspicitur,
1234 3621 1320 3706 quod
1339 3643 1456 3688 nomen

314 3725 418 3792 adhuc
433 3726 624 3792 credebatur
637 3722 886 3792 PROSEPNM
901 3721 1056 3810 scriptum
1071 3726 1222 3810 esse,hac
1233 3729 1341 3812 potius
1351 3729 1456 3814 specie

314 3856 397 3900 esse:
421 3829 702 3914 PROSEPNltIl:
729 3833 818 3898 cuius
842 3833 965 3898 formae
988 3832 1100 3898 littere
1123 3837 1266 3899 extrema
1289 3857 1349 3919 pro
1372 3835 1455 3900 oirro

313 3940 399 4005 infra
421 3939 522 4024 positi
545 3938 661 4024 cupitis
684 3939 799 4006 habite
820 3943 877 4005 est.
910 3939 998 4016 Quae
1018 3962 1069 4006 res
1088 3943 1125 4006 ut
1142 3941 1281 4025 perlevis
1301 3943 1455 4008 momenti

315 4069 385 4112 esse
409 4045 504 4112 facile
528 4047 674 4131 cuipiam¹
692 4047 862 4132 videbitur,
888 4047 936 4112 itu
958 4069 1024 4114 non
1046 4047 1131 4112 nihil
1153 4047 1279 4114 confert
1305 4049 1346 4114 ad
1368 4051 1455 4114 recte

315 4153 533 4218 aestimandas
563 4153 704 4239 genetivi
732 4155 856 4237 primae
883 4153 1108 4219 declinationis
1137 4153 1388 4238 vicissitudines,
1418 4154 1455 4220 dc
1491 4179 1498 4196 ·

315 4259 431 4345 quibus
450 4260 668 4346 significatum
688 4263 746 4344 est,
763 4283 830 4325 non
848 4261 1041 4345 explicatum
1055 4259 1161 4327 Musei
1174 4261 1324 4326 Rhenani
1341 4265 1363 4326 t
1377 4259 1455 4326 XIV

314 4389 345 4454 p.
363 4367 429 4432 406
454 4369 565 4453 [supro
586 4389 617 4452 p.
635 4368 725 4449 413}
762 4365 828 4432 Vbi
851 4389 947 4451 quam
971 4367 1042 4434 sola
1064 4368 1189 4434 ratione
1212 4367 1292 4434 duce
1315 4367 1455 4452 genetivi

314 4473 453 4540 formum
472 4475 504 4540 in
523 4481 572 4540 als
591 4473 788 4539 desinentem
807 4474 1075 4559 proponebamus,
1093 4474 1198 4560 primo
1212 4496 1296 4540 nuuc
1310 4474 1455 4559 ipsorum
