3116 5066
473 405 622 452 uruvuvs
646 407 862 453 arvumunvs.
1191 386 1234 450 93

121 543 286 626 scripturam
312 546 513 631 intellegitur
536 547 567 613 h.
590 569 616 612 e.
638 549 740 613 ferme
764 548 949 612 centenario
973 549 1047 630 post
1070 542 1105 607 L.
1130 543 1233 608 Mum-

117 649 199 712 mium
216 673 366 716 annorum
384 653 499 738 spatio.
536 652 605 719 Nec
624 653 762 718 conferri
781 648 1114 718 COMPROMESISE
1134 649 1235 716 COM-

114 753 396 824 POSEIVERVN'I’
419 757 732 826 COMPERIETVR
761 764 792 824 et
817 765 955 844 cognata
984 762 1130 842 possunt,
1160 779 1233 822 oum

112 863 255 948 antiquior
274 862 363 929 OOM
383 889 479 950 quarn
496 864 583 932 OON
602 867 707 932 forma
720 867 832 930 fuerit:
858 869 894 929 ut
910 865 1143 950 propemodum
1160 887 1233 949 pro·

109 971 187 1052 picra
208 971 290 1036 inter
312 994 345 1036 se
370 970 457 1039 CON
481 979 514 1038 et
535 973 586 1038 IM
609 997 706 1058 quam
724 971 772 1037 IN
796 977 830 1037 et
849 970 935 1037 CON
959 973 1039 1056 sint,
1066 973 1233 1056 multoque

107 1077 209 1142 rectius
232 1099 303 1143 cum
325 1079 425 1151 IMP-
448 1081 529 1146 illud
547 1063 756 1166 ¹comparetur
779 1080 863 1165 quod
887 1081 921 1144 in
946 1078 1021 1144 Soto
1045 1079 1084 1144 de
1102 1079 1177 1144 Bac.
1201 1083 1234 1144 et
1277 1071 1280 1076 ’

106 1181 340 1252 COMVOVISE
362 1190 394 1252 et
408 1185 711 1254 OOVENTIONID
728 1188 883 1272 scriptum
900 1192 958 1271 est,
981 1209 1040 1270 pro
1062 1206 1286 1269 nurnqaamvu

105 1296 200 1357 autam
222 1297 254 1358 et
277 1295 466 1358 tantumdem
488 1293 711 1372 NVNQVAM
734 1296 770 1360 in
793 1293 982 1378 Scipionum
1004 1294 1103 1358 titulo
1126 1315 1233 1358 recen·

103 1399 226 1480 tissimo,
248 1399 531 1466 TANTVNDEM
554 1404 586 1468 in
610 1402 681 1488 lege
705 1403 844 1488 agraria.

180 1506 299 1573 Contra
320 1507 401 1573 haee
419 1509 528 1574 omnia
545 1531 644 1574 uuam
663 1514 791 1574 tantum
810 1509 894 1592 lapis
913 1508 1090 1574 Vaticanus
1110 1513 1233 1574 certam

103 1617 200 1678 notam
224 1616 342 1680 aetatis
365 1615 584 1681 Memmianae
608 1617 756 1699 ostendit,
780 1616 934 1680 omissam
958 1616 993 1680 in
1012 1613 1145 1680 SIGNV
1164 1619 1233 1682 v.’8

103 1741 129 1782 m
148 1721 285 1786 litteram
310 1722 457 1808 finalem,
480 1745 676 1808 quamquam
698 1723 819 1788 ibidem
842 1727 892 1788 est
915 1721 1082 1788 AEDEM.
1127 1722 1232 1799 Quam

104 1826 340 1913 damnationem,
367 1829 627 1914 perfrequentem
656 1830 790 1896 sanein
815 1829 1051 1913 antiquissimis
1076 1851 1158 1915 quae¹
1183 1852 1235 1894 ex-

105 1937 182 2000 stant
206 1937 436 2021 monumentis,
468 1937 524 2002 aad
546 1935 755 2024 constantem
781 1959 822 2002 ne
850 1938 884 2002 in
914 1936 965 2002 his
994 1938 1136 2022 quidem,
1168 1959 1234 2004 nou

105 2041 218 2108 inuenio
249 2045 339 2110 ultra
375 2044 506 2128 septimi
545 2043 666 2109 saeculi
698 2045 803 2128 prima
836 2045 990 2110 decennia
1022 2066 1233 2130 progressam.

105 2144 177 2212 Nam
195 2148 411 2215 CORNELIO
431 2156 465 2215 et
483 2149 589 2216 OlNO
609 2155 642 2215 et
661 2149 869 2216 DVONORO
888 2150 1066 2218 OPTVMO
1082 2157 1115 2216 et
1134 2151 1233 2218 COR-

107 2249 189 2319 alea
210 2255 464 2334 ALERIAQVE
494 2255 613 2322 VRBE
643 2261 675 2322 et
698 2256 833 2341 AEDE,
860 2257 916 2323 aed
944 2259 1040 2322 simul
1068 2258 1234 2324 LVOIOM

108 2356 289 2428 SCIPIONF}
317 2363 419 2429 habes
442 2364 478 2428 in
501 2361 535 2428 L.
560 2361 714 2447 Cornelii,
737 2362 873 2428 Barbati
896 2364 917 2429 f.
941 2366 1102 2448 sepulcro:
1130 2364 1233 2430 'PAV-

108 2463 221 2533 RASIA
248 2467 442 2536 CISAVNA
475 2467 654 2555 SAMNIO,
688 2469 743 2534 sed
771 2468 895 2535 ΟΜΝΕ
925 2468 1169 2538 LOVOANAM
1199 2473 1233 2536 in
1330 2473 1338 2480 ’

108 2571 194 2654 ipsius
215 2574 364 2640 Barbati:
388 2565 580 2641 AETOLIA
602 2576 638 2640 in
660 2576 738 2640 anui
761 2576 826 2641 565
844 2575 1025 2640 Tusculana
1044 2576 1096 2642 Or.
1118 2599 1149 2641 n.
1168 2578 1234 2642 562

108 2674 148 2756 [6.
163 2678 185 2744 I.
200 2680 235 2746 L.
251 2682 268 2746 1
286 2707 317 2748 n.
337 2683 416 2769 5343
439 2683 473 2747 P.
491 2682 526 2746 L.
541 2682 585 2748 M.
602 2683 640 2748 E.
659 2684 725 2749 tab.
744 2682 867 2748 XLVII
877 2683 951 2747 E=
961 2681 1066 2747 LXIX
1076 2683 1142 2764 E]:
1162 2705 1235 2748 con·

108 2787 151 2849 tra
166 2809 278 2874 magna
297 2789 468 2876 diligentia
487 2789 632 2856 additum
651 2811 682 2855 m
696 2790 730 2854 in
744 2787 803 2855 SC.
818 2791 856 2856 de
872 2789 1087 2856 Bacanalibus
1102 2790 1234 2874 ubique:

107 2910 200 2958 aursus
218 2901 324 2960 autem
344 2897 430 2961 circa
448 2918 476 2960 a.
495 2897 561 2963 580
579 2897 613 2962 iu
631 2897 727 2961 titulo
747 2895 780 2960 P.
796 2895 955 2980 Scipionis
974 2897 1114 2962 flaminia
1134 2899 1234 2962 semel

107 2999 272 3082 neglectum
301 3004 335 3067 in
360 3002 541 3086 GREMIV,
569 3004 697 3087 saepius
722 3003 865 3068 additum
889 3004 923 3068 in
946 3001 1114 3068 APICEM
1137 3002 1235 3070 GLO-

108 3099 202 3170 Rlun
219 3107 425 3175 MAIORVM
443 3107 729 3175 PROGNATVM:
753 3110 831 3174 item
854 3111 1037 3194 promiscue
1061 3111 1094 3175 in
1113 3110 1148 3175 L.
1168 3110 1234 3177 Soi-

108 3209 198 3288 pionis
227 3216 408 3299 quaestoris
436 3216 532 3282 titulo
563 3217 675 3300 paullo
700 3221 775 3301 post
797 3240 825 3282 a.
849 3217 913 3282 588
937 3216 1090 3282 REGEM
1114 3217 1233 3282 ANTI-

109 3311 191 3383 000:
217 3327 380 3405 postremo
411 3323 497 3387 circa
519 3345 547 3388 a.
571 3323 636 3388 615
658 3323 693 3388 in
716 3323 812 3388 titulo
835 3323 870 3387 L.
894 3321 1069 3408 Scipionis,
1092 3323 1234 3409 Hispani
1301 3323 1304 3330 “

108 3429 249 3502 praetoris
267 3427 305 3512 f.,
328 3427 489 3494 MAGNA
508 3428 756 3514 SAPIENTIA,
780 3432 834 3495 aed
855 3431 950 3496 simul
970 3435 1003 3495 et
1022 3429 1234 3518 SAXSVM*)

109 3531 135 3590 et
153 3527 377 3612 NVNQVAM.
423 3537 503 3602 Post
529 3537 610 3602 haec
640 3543 748 3602 autem
772 3538 870 3622 plena
893 3538 1054 3622 scriptura
1076 3539 1233 3621 perstitit:

109 3635 159 3699 soli
187 3643 267 3706 enim
300 3644 474 3727 sculptoria
508 3643 608 3708 errori
641 3643 846 3708 tribuendum
880 3666 949 3708 esse
983 3644 1068 3729 quod
1100 3646 1132 3710 in
1162 3647 1233 3731 lege

109 3747 219 3825 agario
248 3748 398 3814 EXTRA
414 3785 420 3796 ·
438 3749 594 3814 VRBEM
609 3785 615 3798 ·
630 3749 755 3815 ROMA
788 3756 820 3816 et
853 3749 1120 3816 SENTENTIA·
1145 3751 1234 3816 DEI·

109 3839 192 3916 CITO
214 3860 246 3920 et
268 3856 484 3934 PEQVNIA·
499 3853 795 3922 SCRIPTVRAM·
810 3857 1091 3924 VECTIGALVE
1120 3863 1234 3942 exstat,

109 3950 170 4022 hinc
189 3961 386 4048 intellegitur
410 3965 495 4048 quod
525 3965 688 4030 contrario
712 3965 783 4028 vitii
806 3985 923 4050 genere
946 3967 980 4030 in
1004 3965 1136 4028 eandem
1159 3965 1235 4028 irre·

109 4079 185 4140 psere
206 4067 267 4134 IN·
284 4069 456 4134 VRBL'M·
471 4069 645 4136 OPPIDO·
660 4069 763 4136 VIOO
792 4075 825 4135 et
847 4067 1234 4138 Enpossnslonnn

109 4173 134 4230 et
153 4169 395 4243 PROPIOREM
409 4213 415 4224 ·
430 4175 521 4242 DIE:
545 4177 697 4242 similiter
719 4182 816 4262 atquc
839 4179 872 4243 in
895 4179 1001 4262 legem
1024 4175 1234 4242 Puteolanam

109 4279 191 4342 semel
212 4279 377 4348 EXTRA·
392 4282 593 4368 PARIETE,
615 4284 694 4348 item
717 4285 817 4348 semel
840 4283 1176 4350 AD-EAMEDE
1201 4285 1234 4349 in

112 4423 150 4434 .-

183 4507 206 4576 *)
224 4499 277 4580 [of.
295 4512 371 4568 Mon.
390 4496 478 4582 epigr.¹
496 4515 530 4571 tr.
550 4513 633 4581 (infra
651 4533 677 4568 n.
692 4511 728 4580 V)
746 4531 773 4580 p.
795 4517 835 4566 16.
873 4513 900 4567 C.
917 4513 972 4584 W.]
