3246 5082
277 300 344 366 280
599 315 646 362 na
671 312 865 360 rrcrrnrsvs
889 309 1100 358 nrrruaurrs

278 456 459 545 apparet.*)
507 458 710 540 Quamquam
739 477 804 520 non
837 454 919 519 nihil
946 455 1103 518 interesse
1133 452 1219 516 inter
1248 450 1356 516 OPOS
1390 455 1424 516 et

277 565 480 632 POCOLOM
503 565 650 648 exempla
672 562 760 627 haud
783 562 907 647 ignoro.

368 690 451 756 Sunt
478 693 586 755 autern
617 692 748 773 paterae
781 687 859 752 illae
890 687 970 751 haec
1002 708 1083 770 quas
1113 685 1200 750 infra
1229 684 1324 768 posui
1351 707 1423 750 cum

280 801 347 866 suis
370 819 529 882 quamque
552 795 755 882 epigraphis:
783 816 859 858 nam
887 793 920 856 in
947 793 1072 877 reliqua
1094 794 1235 876 pictura,
1263 792 1344 858 satis
1366 793 1424 856 illa

369 1029 395 1094 *)
424 1026 514 1097 [Quae
541 1043 625 1096 supra
655 1023 760 1094 scripta
786 1025 851 1078 eunt
877 1022 974 1090 aliqua
1001 1039 1034 1076 ex
1061 1025 1142 1092 parta
1175 1022 1339 1076 retractavit
1366 1021 1424 1075 Rit-

280 1116 401 1174 schalius
429 1115 558 1186 epistolio
577 1115 614 1169 ad
641 1115 753 1168 Patrem
779 1110 887 1168 Marchi
919 1111 948 1166 in
974 1110 1064 1165 Musei
1094 1110 1181 1166 Rheu.
1210 1114 1230 1166 t
1255 1111 1306 1166 XII
1335 1113 1425 1178 (lsst'l)

280 1225 307 1278 p.
322 1212 374 1260 319
389 1223 431 1274 sq.
450 1203 536 1259 misso
554 1204 619 1257 hoc:

228 1317 267 1357 ³1⁹
371 1309 538 1365 ‘Fridericus
552 1307 721 1363 Bitschelius
737 1307 763 1362 S.
778 1307 807 1362 P.
823 1307 855 1362 D.
866 1305 1167 1361 Reverendissimo
1186 1306 1283 1361 Patri
1297 1306 1426 1362 Marchi

281 1397 401 1468 Collegii
419 1398 538 1453 Romani
557 1396 638 1452 Socio
658 1395 852 1451 Celeberrimo.

370 1490 402 1543 ln
420 1505 454 1542 ea
472 1503 555 1556 quarn
574 1503 663 1556 nuper
685 1487 721 1540 ad
740 1501 793 1553 ru,
817 1485 860 1540 vir
882 1484 1048 1556 gravissime
1072 1485 1202 1556 idemque
1220 1483 1428 1552 humanissime,

282 1575 546 1633 commentationem
581 1575 722 1630 transmisi
749 1576 784 1630 de
812 1573 989 1630 fictilibus
1021 1573 1194 1628 litteratis
1229 1573 1428 1629 Latinorum

282 1663 540 1735 antiquissimis
559 1664 673 1732 editam,
692 1681 754 1718 cum
773 1664 803 1718 in
822 1681 937 1718 casuum
955 1663 1068 1730 formae,
1088 1677 1159 1731 qnae
1177 1663 1242 1716 aunt
1260 1661 1303 1717 OS
1326 1664 1357 1717 et
1375 1661 1428 1717 OM

282 1773 332 1827 pro
355 1756 401 1810 VS
426 1756 455 1810 et
473 1754 540 1820 VM,
569 1754 659 1809 oratio
686 1753 835 1816 incideret,
863 1753 897 1806 de
917 1751 1018 1828 quibus
1037 1750 1150 1821 quidem
1173 1751 1268 1821 paullo
1292 1753 1358 1807 ante
1382 1769 1429 1807 ex-

281 1844 413 1916 plicatius
437 1843 621 1898 disserueram
647 1842 676 1896 in
700 1841 836 1912 principio
860 1840 1010 1896 voluminis
1031 1839 1069 1894 lX
1095 1840 1184 1895 Musei
1203 1840 1291 1900 nostri
1309 1839 1430 1910 philolo·
1492 1836 1506 1858 ’

282 1933 339 2003 gici
364 1931 440 2003 [vide
464 1932 574 2002 snpra],
600 1932 672 1986 hacc
691 1931 853 2001 'scribebam
875 1948 902 1999 p.
926 1937 957 1984 16
978 1947 1018 1998 sq.
1048 1945 1119 1997 quae
1143 1929 1218 1984 infra
1236 1929 1330 1998 posui:
1361 1929 1429 1984 ‘Vbi

283 2021 358 2090 quod
376 2021 433 2076 iam
451 2021 589 2090 principio
609 2052 641 2059 —
661 2037 724 2074 cum
743 2019 879 2074 similibus
898 2018 1035 2088 apparet’
1138 2069 1144 2078 ,

371 2108 458 2164 Vides
477 2127 560 2178 quam
579 2109 609 2164 in
628 2123 667 2162 uu
687 2111 768 2178 grato
787 2109 880 2163 animo
900 2107 1012 2163 luerim
1042 2109 1071 2162 ct
1095 2109 1190 2162 tammr
1213 2124 1269 2162 non
1292 2107 1361 2162 satis
1384 2127 1431 2164 rne

283 2199 366 2269 grato
388 2198 473 2253 luisse
493 2213 554 2252 sero
578 2197 713 2253 intellexi.
752 2195 841 2262 Quam
864 2197 939 2252 enim
958 2195 1036 2251 nulls
1060 2197 1144 2266 culpa
1162 2214 1237 2267 mea,
1265 2197 1314 2252 sed
1337 2197 1431 2252 alieno

284 2286 446 2342 testimonio
465 2286 583 2342 confisus
601 2285 637 2340 ad
656 2285 742 2340 alium
761 2285 875 2342 laudem
893 2285 1002 2351 rettuli,
1033 2301 1094 2340 eam
1117 2302 1190 2340 nune
1209 2285 1293 2340 amici
1311 2286 1434 2342 Romani

284 2393 328 2430 me
352 2375 500 2430 certiorem
522 2373 630 2430 faciunt
651 2377 743 2430 totam
766 2389 831 2428 rnu
854 2373 962 2442 deberi,
991 2372 1068 2428 cuins
1093 2375 1123 2428 st
1145 2391 1212 2430 cura
1233 2375 1342 2446 fideque
1365 2391 1433 2430 vera

285 2465 368 2521 lectio
387 2464 463 2520 tituli
483 2463 650 2520 obscurioris
668 2463 815 2534 explorata
833 2463 887 2543 sit,¹
902 2463 931 2518 et
949 2462 1077 2517 acumine
1095 2463 1277 2534 doctrinaque
1295 2463 1432 2534 interpre-

231 2577 271 2615 eso
285 2553 355 2611 tatio
374 2553 490 2609 inventa
507 2553 543 2606 ad
561 2556 689 2623 tempora
707 2553 820 2622 linguae
840 2551 1021 2607 describenda
1039 2552 1198 2608 utilissima.
1223 2552 1325 2607 Redire
1344 2553 1433 2622 igitur

284 2645 320 2698 ad
339 2657 379 2698 'ru
397 2645 542 2712 tamqnam
561 2641 735 2712 postliminio
758 2643 837 2710 volo,
860 2658 932 2710 quae
951 2655 1012 2694 uva
1035 2640 1113 2697 fuere
1139 2659 1156 2697 a
1178 2641 1329 2713 principiae
1358 2659 1432 2712 qnae

265 2733 397 2804 quidem
416 2749 434 2788 a
452 2747 491 2786 uu
511 2731 714 2800 aliquantisper
732 2730 894 2785 abalienata
912 2747 945 2784 eo
964 2730 1074 2800 aegrius
1092 2731 1159 2800 lero,
1185 2749 1240 2802 quo
1259 2734 1289 2786 et
1306 2732 1432 2810 gratiora

284 2821 492 2878 benivolentiae
511 2821 604 2875 officia
622 2833 704 2874 aaran
724 2819 878 2874 identidem
901 2819 961 2889 ipse
985 2821 1115 2890 expertus
1139 2837 1199 2875 sum
1223 2823 1253 2876 et
1275 2821 1431 2877 suaviorem

286 2911 453 2967 modestiam
473 2910 509 2964 ab
533 2910 609 2964 omni
627 2911 824 2979 praeterquam
843 2907 971 2963 veritatis
990 2909 1144 2964 ambitione
1163 2908 1318 2965 seiunctam
1337 2927 1432 2967 omues

285 3001 389 3054 norunt
407 3001 491 3066 atque
510 2999 649 3053 deomant.

375 3089 419 3141 lta
437 3089 585 3155 postquam
605 3084 733 3155 religioni
753 3085 821 3140 satis
839 3083 945 3140 factum
965 3089 1014 3156 est,
1035 3105 1120 3142 unum
1140 3090 1172 3142 ut
1189 3105 1223 3142 ex
1242 3103 1281 3142 ru
1299 3105 1432 3158 quaeram

286 3193 330 3231 res
349 3175 412 3244 ipsa
428 3175 562 3244 postulat.
600 3173 737 3228 Pusillum
756 3176 810 3244 cst,
834 3191 885 3228 nec
904 3176 998 3229 tamen
1016 3177 1234 3246 neglegendum,
1262 3178 1337 3246 quod
1357 3177 1432 3243 Qvi-

287 3263 416 3319 lthPOS
444 3263 472 3318 in
496 3281 530 3319 eo
553 3264 627 3333 quod
651 3277 715 3318 anu
738 3263 792 3332 ipsi
816 3265 962 3331 acceptum
985 3265 1074 3321 refero
1102 3267 1230 3337 exemplo
1259 3283 1311 3338 ego
1339 3267 1432 3337 legere

287 3352 364 3408 visus
383 3371 452 3421 sum,
473 3351 586 3418 QVIR·
601 3352 692 3408 OPOS
712 3352 851 3422 profertur
870 3352 905 3408 ab
924 3353 1084 3409 auctoribus
1102 3355 1231 3426 lectionis
1250 3369 1342 3410 rvsa.
1380 3356 1433 3410 Fa·

197 3501 204 3508 ,
287 3446 348 3498 teor
365 3442 491 3512 paullulo
511 3442 667 3497 breviorem
690 3459 753 3496 eam
776 3441 910 3496 lincolam
934 3459 1095 3512 essequam
1115 3445 1126 3496 l
1151 3444 1274 3500 litteram
1298 3445 1432 3516 interpre-

287 3533 363 3585 tatus
382 3549 456 3586 sum:
476 3531 524 3585 aad
544 3531 660 3586 eandem
678 3532 774 3584 tamen
792 3529 866 3586 idem
884 3531 966 3586 video
981 3531 1077 3600 paullo
1096 3532 1250 3604 longiorem
1269 3551 1329 3588 esse
1348 3550 1432 3604 quam

287 3635 358 3687 quae
378 3618 525 3675 satistuto
544 3637 594 3689 pro
613 3619 830 3690 interpungendi
847 3623 916 3676 nota
933 3621 1078 3677 habeatur.
1110 3621 1189 3687 Quod
1209 3641 1272 3678 cum
1291 3623 1332 3679 ita
1351 3625 1433 3693 esset,

288 3710 320 3762 ut
332 3706 412 3762 illam
430 3707 524 3777 potius
542 3707 617 3762 viam
636 3707 735 3764 inirem
756 3708 809 3764 hoc
823 3726 866 3764 me
882 3711 1022 3779 movebat,
1041 3711 1115 3780 quod
1133 3728 1168 3766 ne
1187 3717 1251 3781 post
1268 3712 1432 3768 POMPONI

288 3797 401 3865 quidem
420 3797 570 3866 quicquam
588 3796 820 3866 interpunctionis
839 3797 1016 3854 interiectum
1035 3803 1085 3855 est.
1118 3800 1177 3855 Hoc
1193 3800 1281 3872 igitur
1295 3801 1377 3871 quale
1396 3799 1434 3856 sit

288 3887 320 3941 ut
338 3885 415 3940 facili
433 3885 546 3956 negotio
565 3884 588 3940 si
607 3885 684 3940 voles
704 3902 797 3940 coram
811 3885 950 3956 dispicias,
968 3887 1010 3942 ita
1026 3905 1100 3944 novo
1118 3888 1172 3944 hoc
1190 3889 1331 3946 comitatis
1350 3889 1432 3944 doen-

288 3977 382 4029 mento
402 3991 457 4028 non
475 3973 653 4030 mediocriter
671 3991 733 4028 cum
754 3979 857 4030 memet
870 3979 930 4030 tum
945 3977 1104 4032 communia
1117 3977 1219 4044 studia,
1238 3978 1339 4048 quibus
1353 3981 1433 4032 tanto

289 4064 319 4118 et
336 4063 431 4118 decori
449 4063 479 4116 et
497 4061 595 4117 honori
614 4080 650 4130 es,
670 4079 734 4118 urar
752 4064 900 4120 devincies.
935 4065 1013 4120 Vale.
1051 4065 1154 4121 Datum
1172 4067 1286 4122 Bormae
1305 4068 1342 4122 ad
1360 4067 1432 4120 lihe-

288 4169 356 4205 num
375 4150 415 4204 ld.
433 4149 497 4205 Mai.
517 4169 542 4205 a.
563 4151 818 4211 cluluccctvn!

378 4237 521 4308 Ceterum,
555 4245 587 4296 nt
613 4241 671 4312 ipse
695 4242 865 4297 ltitschelius
889 4241 984 4297 linum.
1008 4243 1037 4297 Ρ,
1058 4243 1088 4298 L.
1108 4243 1144 4297 M.
1164 4244 1194 4299 Ε.
1214 4263 1242 4314 p.
1261 4251 1276 4298 3
1300 4243 1433 4310 narravit,

289 4327 379 4383 Roma
397 4343 558 4398 responsum
577 4331 632 4400 est,
659 4347 715 4385 non
738 4347 796 4386 esse
815 4331 850 4387 dc
870 4331 964 4386 littera
983 4330 1176 4402 cogitandum,
1202 4333 1251 4388 sed
1269 4349 1367 4402 reapse
1384 4347 1432 4386 ac·

290 4415 487 4487 quiescendum
506 4419 536 4474 in
554 4419 788 4490 interpunctione.
826 4417 854 4475 0.
869 4419 926 4490 W.]
