3282 5076
555 361 809 410 conunnrsuuo
833 363 948 411 aaron.
1261 348 1322 412 187

165 506 358 572 crebruisse
381 505 556 592 Lipsioque
579 505 759 572 innotuisse
782 508 930 589 apparet,
960 527 1001 570 ne
1028 527 1068 570 ea
1091 505 1219 590 quidem
1242 529 1323 590 quae

158 635 251 683 ,cum
266 611 468 678 Panviniano
487 611 572 678 libro
591 612 726 698 vulgata
748 633 818 678 esse
838 617 913 678 ante
932 612 1012 696 dixi,
1035 613 1090 676 ubi
1109 613 1210 678 multo
1229 613 1324 697 plura

165 743 274 806 quarn
298 742 318 783 a
340 718 451 803 Lipsio
479 721 565 784 recte
595 717 744 801 expedita
772 721 856 784 sunt.
902 717 1068 783 Tredecim
1098 719 1226 784 demum
1249 723 1325 803 post

152 827 271 896 'annis
299 826 418 910 integri
445 825 536 891 tituli
558 825 680 890 Romae
709 849 728 889 a
756 848 790 889 se
817 826 1004 910 transcripti
1031 826 1214 908 exemplum
1242 826 1323 890 inte·

166 956 282 1020 grum,
306 955 502 1018 quamquam
525 932 606 996 illud
628 933 662 996 in
685 933 836 998 extremis
864 933 1009 998 versibus
1038 933 1323 1018 neglegentissime

166 1044 314 1125 factum,
337 1042 422 1106 idem
441 1038 571 1124 Lipsius
594 1040 772 1124 publicavit
794 1040 828 1104 in
852 1061 910 1104 suo
934 1039 975 1104 ad
999 1038 1112 1104 Smetii
1135 1040 1323 1124 Inscriptio·

166 1173 232 1216 nes
254 1148 410 1214 Auctario
435 1169 519 1212 anno
539 1165 792 1215 crolonxxxvur
816 1147 916 1212 edito:
940 1145 1036 1210 simul
1057 1151 1164 1211 autem
1184 1147 1324 1212 alterum

167 1255 359 1338 exemplum
383 1254 472 1318 tituli
495 1255 598 1318 multo
621 1253 748 1338 plenius
776 1276 873 1339 quam
898 1253 976 1319 olim
1001 1253 1184 1319 coniectura
1213 1275 1323 1318 recon-

168 1362 301 1428 cinnati
330 1361 468 1446 addidit,
499 1361 563 1426 nisi
592 1361 677 1446 quod
705 1360 759 1426 hio
787 1357 914 1448 quoque
938 1366 1100 1428 extremos
1123 1383 1235 1426 versus
1258 1383 1323 1426 non

169 1470 299 1556 attigit.
344 1469 437 1534 Vnde
465 1472 635 1552 utrumque
664 1469 697 1532 in
726 1491 819 1533 suum
844 1466 969 1552 Corpus
998 1468 1185 1534 Gruterus
1216 1469 1236 1533 l.
1256 1491 1281 1534 s.
1299 1492 1324 1534 s.

169 1578 314 1661 recepit,
337 1577 598 1642 reconcinnatum
620 1575 717 1640 etiam
738 1567 924 1640 Graevius
949 1575 1080 1640 iteravit
1098 1575 1193 1641 Thes.
1213 1575 1324 1662 Antiq.

169 1688 194 1750 t.
216 1683 268 1748 IV
291 1707 321 1767 p.
343 1683 436 1748 1831.
469 1681 619 1748 Ceterum
647 1704 711 1746 non
735 1703 806 1746 eam
830 1680 933 1765 Lipsii
961 1683 995 1747 in
1024 1681 1087 1748 hoo
1115 1703 1230 1767 genere
1253 1683 1323 1748 dili-

171 1791 322 1875 gentiam
355 1789 468 1872 tuisse,
500 1793 537 1854 ut
568 1811 634 1854 non
663 1789 882 1873 compluribus
914 1790 948 1853 in
981 1789 1062 1854 locis
1090 1790 1170 1854 satis
1199 1790 1326 1856 diversa

170 1898 213 1962 de
239 1897 414 1982 superstite
438 1896 597 1981 scriptura
625 1900 658 1960 et
684 1896 764 1962 haee
788 1895 851 1960 duo
880 1895 1026 1980 exempla
1054 1899 1086 1960 et
1113 1919 1222 1962 rursus
1245 1897 1326 1962 illud

172 2002 266 2088 quod
289 2003 366 2069 olim
391 1989 536 2068 ediderat
558 2006 727 2088 testentur,
753 2003 839 2068 infra
868 2004 1046 2088 apparebit.
1092 2003 1131 2068 In
1153 2004 1352 2088 supplendis

35 2125 37 2160 Ρ
172 2113 287 2176 autem
311 2131 409 2194 opera
431 2131 509 2174 num
532 2111 615 2174 forte
638 2109 749 2194 Lipsio
773 2109 1008 2176 Panvinianum
1033 2111 1214 2195 exemplum
1234 2132 1325 2194 prae-

35 2215 36 2256 l
172 2220 230 2282 sto
262 2217 373 2298 fuerit,
405 2239 542 2302 quocum
575 2221 685 2282 tamen
714 2219 824 2302 paucis
854 2222 981 2284 tantum
1009 2219 1043 2284 in
1071 2219 1151 2284 locis
1179 2218 1229 2282 illi
1253 2240 1326 2284 oon-

173 2324 282 2407 venit,
304 2346 371 2388 non
394 2324 498 2408 magis
523 2347 618 2408 quam
641 2324 723 2389 illud
743 2325 944 2408 exploratum
967 2327 1025 2408 est,
1048 2347 1126 2390 num
1145 2323 1223 2409 quid
1241 2323 1325 2389 forte

173 2453 191 2494 e
219 2431 329 2515 Pighii
353 2429 437 2494 curis
461 2443 521 2513 per
543 2431 670 2494 litteras
699 2434 736 2494 ut
758 2432 796 2494 fit
820 2453 927 2495 secum
951 2431 1197 2496 communicatis
1216 2427 1325 2515 (quale

35 2517 36 2592 Ῐ
172 2537 259 2602 illud
291 2537 330 2602 de
362 2535 612 2602 EXFOOIONT
644 2537 707 2602 fuit
743 2538 827 2620 quod
864 2561 962 2621 supra
993 2536 1103 2624 tetigi)
1139 2536 1325 2620 profecerit:

174 2645 305 2730 quando
333 2648 400 2708 tam
433 2644 538 2708 multa
566 2666 665 2728 eaque
698 2665 736 2708 ex
768 2648 861 2727 parte
888 2649 957 2709 tam
988 2644 1168 2729 singularia
1195 2642 1324 2727 Lipsius

174 2750 379 2836 Pighiusque
403 2751 587 2816 communia
608 2751 730 2816 habent
757 2755 805 2835 ut,
833 2751 895 2816 etsi
922 2754 1072 2816 neutrum
1100 2755 1213 2816 neuter
1241 2771 1324 2814 com·

175 2861 352 2941 memorat,
384 2861 495 2922 tamen
522 2881 588 2922 non
616 2859 721 2943 possit
749 2859 938 2924 alterutrius
966 2859 1099 2926 inventa
1126 2859 1208 2924 alter
1234 2857 1325 2944 igno-

174 2987 278 3030 rasse.
322 2963 408 3030 Nam
431 2965 586 3050 Lipsiano
611 2966 766 3031 Auctario
795 2966 856 3030 etsi
885 2967 991 3050 potuit
1019 2989 1096 3031 sane
1120 2965 1269 3050 Pighius,
1299 2963 1326 3028 si

175 3075 255 3155 post
283 3095 404 3137 annum
432 3061 682 3140 clolohxxxvrn
716 3072 892 3157 scribebat,
922 3073 1089 3138 commode
1122 3072 1184 3156 uti,
1216 3074 1325 3135 tamen

175 3178 340 3243 dubitatio
374 3179 446 3242 inde
478 3179 636 3263 nascitur,
669 3179 754 3263 quod
786 3183 853 3243 tam
886 3201 989 3262 pauca
1021 3179 1167 3263 Lipsium
1201 3179 1328 3262 aliquot

175 3289 254 3350 ante
288 3285 381 3350 annis
413 3285 599 3350 meditando
632 3285 811 3368 expediisse
839 3308 876 3349 ex
905 3285 1120 3372 Antiquarum
1152 3286 1326 3350 lectionum

174 3392 272 3457 libris
296 3393 497 3476 perspicitur.
532 3392 621 3467 (luae
644 3414 717 3456 cum
740 3393 787 3456 ita
810 3391 889 3474 sint,
912 3391 999 3458 haud
1023 3392 1089 3456 scio
1114 3414 1156 3456 an
1179 3413 1244 3456 non
1266 3390 1325 3454 fal-

175 3497 266 3564 latur
295 3501 349 3584 qui
373 3521 389 3562 e
414 3497 576 3564 communi
604 3498 707 3581 fonte,
735 3499 824 3563 ouius
853 3498 1051 3563 mentionem
1080 3497 1181 3562 faciat
1202 3501 1326 3580 neuter,

175 3609 351 3690 utrumque
374 3605 522 3669 hausisse
546 3627 605 3669 sua
628 3605 813 3670 coniecerit:
837 3605 892 3689 qui
911 3607 960 3669 est
978 3605 1064 3670 docti
1083 3604 1222 3689 Hispani
1243 3605 1327 3669 liber

175 3712 337 3794 perutilis.

268 3818 357 3896 Quae
380 3819 465 3884 enim
489 3819 648 3884 Thesauri
672 3817 843 3884 Graeviani
867 3823 956 3884 tomo
978 3818 1026 3883 IV
1049 3819 1123 3884 inde
1147 3842 1167 3884 a
1189 3841 1219 3902 p.
1242 3817 1323 3882 1807
1358 3809 1361 3814 ’

176 3923 302 3992 inserta
326 3931 375 3992 est
392 3927 518 3994 Pnrnl
538 3927 756 3994 Graccohrl
780 3927 930 3994 Toletani
954 3925 1004 3991 ‘In
1019 3927 1186 3992 columnae
1205 3927 1324 3990 rostra·
1460 3984 1466 3990 .

178 4033 231 4097 tae
254 4033 497 4118 inscriptionem
522 4061 541 4102 a
565 4060 599 4102 se
622 4037 807 4102 coniectura
830 4036 1014 4120 suppletam
1039 4031 1232 4117 explicatio’,
1256 4031 1324 4096 eius

178 4139 307 4220 quidem
345 4144 571 4227 supplementa
609 4141 709 4229 (quae
747 4143 845 4207 etiam
882 4143 991 4228 Pighii
1024 4141 1176 4224 exemplo
1215 4138 1324 4222 ‘typo-
1436 4155 1441 4165 ·

176 4245 338 4330 graphus'
376 4247 621 4333 Antverpienris
663 4249 842 4333 subiunxit,
883 4249 972 4314 Flori
1013 4247 1147 4313 editioni
1184 4267 1261 4310 suae
1297 4267 1325 4308 a.

178 4367 388 4420 clamecxxn
420 4355 595 4420 Dukerus
632 4354 770 4420 inseruit
801 4377 831 4438 p.
855 4356 920 4420 928
945 4377 1027 4440 sqq,
1062 4353 1194 4438 repetiit
1226 4352 1325 4418 etiam

177 4455 365 4526 Funcoius
390 4463 428 4528 de
451 4463 592 4547 pueritia
615 4461 738 4528 latinae
761 4461 892 4546 linguae
915 4485 945 4547 p.
972 4461 1049 4549 119)
1077 4461 1110 4526 in
1132 4460 1228 4526 rebus
1252 4481 1326 4526 oum
