3166 5084
497 365 664 416 rourouu
687 365 833 414 ssssvcr
856 365 1002 414 course.
1189 376 1193 385 ·
1278 351 1319 415 21

167 505 318 594 (quaudo
343 509 384 574 ad
409 509 569 574 coloniam
596 507 800 575 duumvirum
828 509 1043 594 magistratus
1067 507 1206 595 spectat)
1235 532 1321 576 men·
1410 545 1418 550 -

167 615 296 682 tionem
325 640 392 683 non
422 638 518 702 posse
551 637 618 682 non
649 615 864 700 posteriorem
893 637 964 680 esse
991 613 1188 699 Vespasiani
1216 619 1322 682 aetate

166 724 374 807 persuadeat,
397 724 430 788 id
453 723 601 789 lubenter
625 723 816 807 accipimus,
840 722 896 787 sed
919 723 967 788 ite
990 721 1176 807 accipimus,
1198 727 1321 790 utnon

164 829 270 894 tertio
292 831 403 914 potius
427 853 523 916 quam
547 829 687 896 secundo
705 853 737 914 p.
752 828 826 895 Ohr.
841 829 969 894 saeculo
990 829 1156 914 elegantes
1172 827 1215 894 M.
1232 827 1321 894 Porr-

165 953 270 1000 Porsn
292 935 444 1004 Bussvs'r
468 937 643 1002 versiculos
667 935 857 1002 tribuamus.
904 935 952 1000 Ac
975 935 1013 1000 de
1036 935 1168 1000 homine
1192 935 1320 1020 quidem

166 1041 244 1125 ipso
268 1065 334 1108 non
356 1044 430 1128 plus
454 1047 656 1128 compertum
680 1041 838 1106 habemus
862 1063 959 1126 quam
978 1039 1220 1106 Mommsenius.
1252 1039 1321 1106 Neo

165 1148 288 1214 mirum
322 1151 497 1216 memoriae
529 1149 613 1216 nihil
643 1148 809 1234 proditum
839 1169 909 1213 esre
940 1147 979 1212 de
1009 1147 1194 1212 fabularum
1222 1153 1319 1232 poeta

165 1278 237 1320 non
256 1278 392 1323 scaenae
411 1259 615 1342 scriptarum,
638 1256 695 1321 sed
718 1255 865 1341 privatae
889 1254 1102 1321 oblectationi
1125 1257 1158 1348 et
1180 1254 1319 1322 fortasse

165 1363 327 1428 familiari
355 1363 548 1430 recitationi.
593 1361 680 1428 Nam
709 1363 770 1428 etsi
802 1361 998 1446 agendarum
1031 1361 1215 1427 fabularum
1246 1385 1318 1428 cum

166 1471 369 1555 tragicamm
396 1475 467 1536 tum
490 1469 685 1538 comicarum
713 1487 812 1534 usum'
837 1469 1146 1553 spectandammque
1175 1469 1318 1538 studium

165 1600 209 1642 ne
232 1582 351 1662 quarto
374 1578 503 1664 quidem
533 1583 566 1644 et
589 1579 701 1664 quinto
725 1601 755 1662 p.
775 1575 850 1643 Chr.
875 1577 1005 1642 saeculo
1035 1577 1102 1641 ullo
1126 1577 1220 1644 modo
1245 1599 1317 1644 exo·

165 1685 285 1752 lavisse
313 1686 411 1770 plane
442 1686 601 1771 pleneque
630 1687 771 1768 constat,
802 1684 995 1770 praesertim
1023 1687 1199 1768 postquam
1221 1683 1327 1769 longa-

165 1791 392 1857 eruditissima
424 1791 645 1876 disputatione
682 1791 744 1856 boc
783 1811 884 1876 genus
916 1790 1104 1856 universum
1137 1789 1318 1856 clarissima

165 1898 203 1962 in
235 1898 306 1963 luce
340 1899 570 1965 WnLcKnRvs
604 1902 717 1964 noster
752 1899 862 1982 posuit
898 1898 937 1963 de
974 1895 1152 1982 tragoediis
1189 1897 1316 1982 graecis

164 2006 230 2070 vol.
248 2005 299 2071 III
322 2030 353 2091 p.
375 2007 461 2072 1472
476 2029 553 2092 sqq,
576 2009 686 2071 tamen
704 2003 876 2088 Pomponii
899 2002 1028 2087 quidem
1047 2003 1230 2070 comoedias
1249 2027 1316 2070 uon

165 2133 243 2184 esse.
263 2112 303 2177 ad
327 2112 485 2197 populum
514 2112 607 2178 datas
635 2133 708 2177 cum
731 2132 769 2176 eo
794 2110 875 2176 satis
903 2111 973 2195 ipse
996 2110 1204 2194 significavit,
1232 2111 1316 2195 quod

164 2221 296 2284 tantum
319 2219 435 2285 clmrlis
458 2220 624 2284 mauricios
646 2218 742 2283 dixit:
772 2238 831 2282 nec
859 2217 946 2281 enim
974 2216 1060 2282 credi
1083 2220 1192 2300 potest
1213 2218 1315 2282 multo
1323 2237 1370 2280 vrr

164 2325 380 2391 illustriorem
403 2325 533 2392 laudem
556 2325 689 2391 silentio
717 2324 1004 2410 praetermissurus
1032 2324 1148 2390 fuisse:
1180 2328 1250 2390 tum
1277 2347 1316 2390 ex

165 2435 334 2499 scaenicae
352 2434 463 2518 poesis
482 2432 662 2498 rationibus
682 2431 852 2516 universis,
878 2431 990 2516 quales
1008 2430 1140 2497 fuerunt
1157 2431 1315 2516 posterio-

163 2541 255 2606 ribus
280 2540 429 2624 saeculis‚
458 2539 613 2624 colligere
640 2538 724 2604 licet.
770 2537 920 2622 Namque
949 2539 1022 2622 ipsa
1048 2537 1105 2604 illa
1131 2539 1315 2605 fabularum

164 2647 349 2732 frequentia
377 2669 443 2712 nou
471 2650 521 2712 est
548 2645 589 2712 ad
618 2645 823 2730 antiquitatis
852 2644 1034 2728 exemplum
1063 2643 1102 2708 de
1130 2643 1252 2709 fabulis
1283 2649 1316 2710 et

163 2755 258 2820 noris
282 2753 421 2818 stactis
445 2749 701 2836 interpretanda,
729 2751 785 2816 sed
808 2751 856 2817 ita
878 2751 1001 2836 potius,
1030 2749 1093 2815 uisi
1122 2751 1232 2816 omnia
1254 2750 1313 2817 fal-

130 2913 135 2923 .
164 2861 249 2942 lunt,
273 2859 377 2924 menti
400 2857 617 2944 informanda,
644 2863 682 2923 ut
704 2858 845 2924 discreta
868 2858 989 2922 luerint
1011 2857 1074 2924 duo
1097 2877 1230 2944 genera:
1257 2879 1313 2924 no·

165 2990 287 3050 varum,
311 2987 395 3052 quae
417 2987 482 3030 nou
506 2969 687 3052 agerentur,
710 2965 767 3030 sed
785 2965 998 3031 recitarentur
1016 2968 1153 3050 tantum,
1177 2967 1210 3030 et
1228 2968 1313 3030 acta·

163 3097 236 3140 rum
258 3075 295 3140 in
319 3093 449 3157 scaena,
471 3093 554 3156 quae
578 3093 644 3136 non
666 3091 769 3136 novae
793 3073 915 3154 essent,
939 3070 995 3136 sed
1018 3075 1144 3138 veteres
1167 3076 1311 3137 veterum

164 3185 347 3266 poetarum.
391 3179 437 3246 Et
460 3179 499 3244 de
522 3177 765 3264 tragoediarum
789 3175 917 3260 quidem
941 3177 1153 3261 scriptoribus
1180 3177 1242 3243 hoc
1265 3179 1313 3245 ita

163 3287 356 3353 Wclclrerns
379 3309 410 3370 p.
436 3286 529 3350 1442.
556 3284 641 3350 1459
657 3305 726 3369 sqq.
750 3281 920 3367 persuasit,
943 3287 980 3348 ut
1003 3287 1095 3350 actae
1120 3305 1190 3348 esse
1207 3306 1312 3350 norae

164 3393 350 3480 tragoediae
381 3395 458 3477 post
489 3389 629 3458 Neronis
666 3389 839 3474 imperium
875 3389 983 3454 nullae
1019 3391 1202 3476 videantur,
1237 3397 1313 3476 post

162 3501 327 3567 Iuvenalis
352 3503 461 3566 eutem
484 3500 625 3563 aetatem
648 3519 688 3561 ne
711 3496 865 3561 recitatae
888 3496 1017 3581 quidem
1040 3518 1152 3580 novae,
1176 3497 1231 3562 sed
1254 3521 1312 3583 per

162 3609 288 3693 aliquot
321 3606 523 3672 saeculomm
550 3605 721 3670 decursum
748 3603 822 3668 inde
851 3603 891 3668 ab
919 3601 1078 3668 Hadriani
1109 3603 1311 3688 temporibus

163 3715 252 3780 solae
284 3717 410 3778 veteres
442 3711 494 3778 vel
525 3714 616 3776 actae
649 3711 700 3775 vel
731 3709 894 3776 recitatae.
945 3709 1067 3786 Quodsi
1104 3713 1189 3776 recte
1225 3709 1311 3775 idem

163 3845 195 3906 p.
219 3821 306 3886 1416
335 3819 490 3885 iudicavit
525 3817 646 3882 diutius
679 3818 777 3882 etiam
809 3839 907 3902 quam
938 3815 1177 3882 comoediarum
1209 3817 1311 3902 perri·

164 3928 273 4014 guiase
296 3924 540 4010 tragoediarum
564 3921 720 3988 studium:
751 3921 945 4006 praesertim
972 3943 1045 3987 eum
1072 3923 1310 3990 comoediarum

162 4034 193 4098 lu
216 4057 242 4100 e.
269 4032 481 4118 palliatarum
514 4031 548 4096 in
580 4029 685 4095 locum
717 4029 750 4094 in
778 4029 847 4094 dies
876 4034 971 4094 aucto
999 4027 1124 4094 fervore
1152 4031 1308 4112 probatus

162 4143 280 4207 mimus
304 4137 499 4204 succederet:
527 4137 623 4204 facile
646 4137 716 4201 fieri
744 4135 928 4202 coniectura
954 4139 1076 4220 potest,
1104 4135 1233 4220 quando
1256 4137 1308 4202 da-

162 4251 243 4313 sisse
266 4245 506 4312 comoediarum
529 4244 662 4330 scriptio
686 4243 841 4309 videatur.
875 4243 1073 4328 Tragoedias
1096 4242 1151 4326 qui
1174 4265 1308 4310 scaenae

162 4353 342 4438 scripserit,
369 4374 464 4417 nemo
492 4357 568 4437 post
591 4351 804 4436 Pomponium
828 4348 1008 4415 Secundum
1037 4355 1309 4416 commemoratur

161 4459 291 4526 Nerone
314 4459 494 4544 imperante
517 4457 587 4524 vita
610 4455 809 4522 defunctum:
833 4456 889 4541 qui
903 4455 1096 4540 recitationi,
1118 4477 1215 4522 nemo
1231 4462 1308 4542 post
