3116 5066
474 389 662 438 urummvm
686 387 935 436 romuumuvu.
1214 371 1275 436 119

253 529 409 599 Committe
432 531 507 599 ilico
531 531 677 618 pallium,
699 529 783 596 sslud
805 529 920 616 posiui.

248 638 316 704 Mihi
339 639 424 725 quiid
448 637 631 724 credideris,
654 643 761 704 sumes
785 637 841 704 ubi
864 635 1031 723 posiueris.

247 747 367 812 Alie'nos
392 747 520 812 doldres
544 744 629 812 mibi
649 742 826 831 supposiui.

166 848 308 926 Quibusiu
331 853 410 919 loeis
434 854 583 919 omnibus
611 852 778 938 vulgarem
806 851 946 917 formam
977 853 1076 918 ceteri
1103 853 1180 920 boni
1203 853 1279 919 libri

163 955 327 1026 Deeurtatus
351 983 425 1026 oum
447 959 624 1026 Vrsiniano
642 958 804 1025 Vaticano
825 959 1073 1045 substituerunt,
1096 961 1130 1025 in
1148 981 1212 1025 uno
1232 961 1280 1025 illi

160 1065 281 1148 inposuisse
309 1068 487 1152 infinitivo,
518 1090 614 1154 quem
646 1067 687 1133 ad
719 1067 802 1132 idem
835 1087 939 1152 genus
971 1067 1175 1132 referendum
1208 1089 1279 1133 esse

157 1181 277 1257 apparat,
298 1180 512 1262 congruentes
536 1197 609 1241 oum
632 1174 752 1240 Vetere
775 1173 996 1240 Mostellariae
1019 1197 1048 1240 v.
1070 1174 1150 1239 434:

239 1282 321 1350 Scies
343 1281 505 1368 inposisse
527 1283 561 1348 in
583 1282 712 1366 undam,
735 1280 801 1346 hau
820 1284 958 1367 eausast,
979 1278 1066 1347 ssieo.

152 1385 222 1463 Quid
249 1389 348 1477 igitur
379 1391 499 1455 mirum
532 1390 559 1455 si
592 1389 627 1454 111
659 1391 731 1455 outo
759 1388 815 1473 qui
843 1391 969 1454 restant
992 1388 1138 1454 versibus
1167 1387 1279 1452 eadem

150 1499 313 1582 corruptela
341 1497 441 1563 etiam
472 1496 512 1562 ad
536 1495 688 1562 Veterem
711 1495 892 1580 pertinuit?
916 1517 933 1560 e
957 1496 1074 1581 quibus
1098 1495 1205 1560 nullus
1228 1499 1280 1560 est

148 1603 215 1688 quin
235 1605 405 1689 pristinam
427 1604 567 1670 formam
585 1607 718 1689 propter
735 1603 824 1688 ipsos
842 1623 994 1670 numeros
1013 1603 1181 1689 efflagitet,
1203 1624 1278 1667 eon·

147 1713 190 1774 tra
210 1715 298 1796 atque
320 1713 356 1778 in
380 1710 553 1776 Asinariae
576 1710 737 1795 exemplo,
758 1709 816 1774 ubi
839 1731 880 1774 ne
903 1709 1044 1774 uetabat
1061 1707 1192 1794 quidem
1215 1729 1279 1772 me-

146 1817 216 1883 trias
241 1819 322 1886 ratio
354 1819 478 1902 reposui
509 1819 580 1884 dici.
625 1817 715 1903 Ergo
744 1817 962 1883 certissimum
990 1820 1041 1881 est
1063 1815 1217 1881 iudicium
1241 1815 1280 1880 de

144 1921 333 1992 Cureulionis
363 1949 391 1992 v.
420 1925 494 1992 356.
517 1925 596 2010 536,
620 1923 819 1990 Bacchidum
846 1924 925 2010 306,
952 1923 1174 1990 Mostellariae
1205 1923 1280 2007 382,

118 2031 244 2112 ¹llilitis
267 2035 403 2120 gloriosi
422 2033 497 2118 905,
519 2031 678 2098 Rudentis
702 2031 776 2098 357.
795 2032 869 2117 916,
892 2031 1079 2098 'l‘rueulenti
1097 2029 1154 2117 IV,
1177 2032 1207 2113 3,
1227 2031 1279 2116 30,

142 2140 182 2206 sia
198 2141 377 2207 scribendis
401 2145 530 2226 praeter
551 2141 710 2206 librorum
733 2139 934 2206 testimonia:

177 2233 234 2314 llle
258 2271 351 2315 suom
371 2249 504 2314 anulum
527 2248 703 2333 6pp0siuit‚
726 2244 860 2312 inuocat
882 2247 1079 2313 Planesium.

177 2356 262 2433 (luris
286 2377 347 2441 ego
372 2353 458 2438 apud
480 2358 513 2420 te
537 2351 821 2440 deposiui,11itam
844 2375 984 2438 propera
1006 2355 1135 2439 ptinere.

174 2461 242 2528 Nos
267 2461 308 2528 aid
332 2459 543 2525 Theotimum
567 2481 662 2525 omne
687 2463 801 2524 autrum
825 2457 1056 2543 depossuimus.

175 2550 322 2651 llcee[re]
347 2569 458 2633 autem
481 2565 535 2632 hie
558 2565 719 2652 deposiuit
742 2569 842 2650 ceput
865 2569 898 2632 et
921 2567 1053 2633 dormit:
1078 2567 1209 2632 suscita.

178 2677 227 2742 Ad
251 2681 309 2742 tuta
332 2677 506 2761 praecepta
529 2674 568 2739 do
590 2695 662 2740 meo
684 2671 771 2738 11151Ί
794 2695 915 2739 nouom
939 2671 1097 2759 adposiui.

176 2783 212 2848 ln
235 2780 378 2848 Siciliam
403 2784 448 2864 et,
477 2777 631 2865 quidquid
655 2780 742 2845 domi
764 2779 843 2866 fuit,
870 2783 904 2846 in
927 2801 1045 2845 nauem
1068 2776 1234 2865 inposiuit.

177 2889 315 2955 Lucrum
338 2884 524 2972 praeposiui
547 2886 657 2971 sopdri
680 2891 714 2952 et
737 2887 847 2972 quieti.
1291 2921 1304 2960 ⁶

178 2995 257 3073 Quid
275 2995 342 3079 illa,
362 2995 439 3079 quoi
460 2994 572 3075 [dono]
593 2993 767 3058 donatust?
788 2992 988 3079 Supposiuit.
1015 2992 1119 3072 Quos?
1141 2992 1224 3060 Sibi:

140 3102 181 3168 ita
202 3103 286 3168 euim
310 3107 509 3187 postremum
538 3100 752 3184 probabiliter
774 3100 1022 3186 Kampmannus
1051 3101 1217 3187 supplevit
1239 3103 1278 3168 de

140 3207 226 3274 rebus
249 3209 341 3274 milit
365 3205 412 3272 Pl.
436 3229 466 3292 p,
493 3207 542 3294 18.
578 3204 648 3272 Neo
671 3207 775 3292 magis
803 3208 836 3272 in
860 3207 1055 3274 Terentiano
1079 3230 1172 3273 versu
1195 3207 1277 3274 Eun.

142 3311 178 3395 V,
193 3315 263 3399 3‚3
291 3318 406 3400 poetae
439 3335 571 3379 manum
599 3313 650 3378 vel
682 3313 781 3378 ceteri
812 3313 889 3379 libri
916 3315 967 3378 vel
1001 3315 1071 3400 ipse
1098 3314 1277 3381 Bembinus

146 3425 308 3506 sarvammt,
330 3419 493 3487 sFaerno
518 3420 647 3485 demum
671 3421 749 3486 item
773 3421 906 3487 iubente
924 3425 1028 3488 metro
1046 3421 1277 3486 instauratam:

184 3527 239 3602 Qui
259 3529 346 3596 buna
369 3527 554 3615 supposiuit
575 3529 693 3594 nobis?
716 3528 812 3595 Moue
831 3551 912 3593 uero
935 3529 1035 3595 doius.

150 3627 318 3702 tundamus
341 3636 441 3722 igitur
459 3635 649 3700 Terentium
673 3635 733 3701 hos
756 3635 871 3700 fecisse
890 3657 1001 3702 versus
1021 3636 1277 3703 existimabimus

155 3733 271 3809 Andriae
294 3743 352 3828 IV,
375 3744 405 3828 3,
430 3743 479 3808 14.
502 3743 534 3828 4,
557 3742 586 3808 3.
609 3743 666 3808 24:

188 3841 250 3913 Non
272 3849 461 3936 ddposuisse
479 3853 518 3915 ut
539 3847 662 3934 liquido
686 3849 817 3934 possim.
862 3849 1033 3935 intellego.

189 3947 259 4021 Puer
280 3957 431 4023 herclest.
454 3957 579 4043 mulier,
601 3961 660 4022 tuin
683 3955 823 4043 posuisti
846 3958 953 4023 buno?
975 3953 1053 4023 'Vbi
1075 3955 1141 4021 illio
1165 3956 1237 4022 est?

191 4052 263 4130 Cedo
286 4067 395 4132 edium
419 4087 555 4150 puerum
578 4063 632 4131 hio
656 4063 860 4150 ddposuisti?
883 4063 934 4130 dio
960 4063 1057 4130 mihi:

153 4173 321 4238 Praesertim
354 4195 428 4238 oum
463 4177 496 4237 et
528 4169 610 4238 Cato
636 4173 822 4256 posiderunt
847 4173 1016 4256 positoris,
1047 4173 1081 4234 at
1113 4169 1279 4254 Deposiuit

149 4257 246 4336 dium
269 4279 439 4344 etiamtum
463 4276 611 4344 Catullus
634 4276 781 4364 XXXIV,
805 4279 825 4344 8
848 4274 1057 4364 (quamquam
1076 4277 1130 4342 hio
1152 4299 1277 4364 quoque

144 4365 312 4451 lmentibus
345 4381 454 4471 libris)
492 4386 592 4451 semel
624 4385 741 4450 dixerit
773 4384 810 4450 in
842 4383 1032 4469 glyconeis?
1068 4381 1181 4469 Aliud,
1212 4384 1276 4450 nisi

139 4465 242 4570 fallor,
274 4491 399 4580 lapides
433 4491 558 4558 docent.
607 4493 646 4558 ln
680 4491 796 4578 quibus
828 4513 894 4558 non
920 4495 1048 4558 tantum
1076 4489 1276 4557 DEPOSOE·
