3216 5082
574 395 853 446 svrrnnnsuuvu
878 397 899 444 1.
1148 467 1153 476 Ι
1246 375 1312 444 505

166 545 321 625 quantam
350 542 391 607 ab
420 563 448 606 a
466 541 541 626 391,
573 542 595 608 i.
614 563 639 606 e.
664 563 683 606 a
706 539 943 606 communicata
972 560 1044 602 cum
1071 537 1208 622 plebeiis
1239 557 1312 601 con-

166 647 265 714 sulari
288 649 456 735 dignitate,
479 649 519 714 ad
539 672 567 714 a.
580 649 647 714 433
665 648 765 713 fuisse
784 647 884 732 vides,
907 668 973 712 non
992 645 1210 711 consularium
1229 643 1310 708 mul-

164 755 337 821 titudinem
359 755 433 820 inde
456 756 498 821 ab
523 777 550 820 a.
569 755 635 820 434
659 777 786 820 summa
809 752 1027 819 consularium
1051 750 1237 817 constantia
1260 771 1311 815 ex·

125 919 129 927 .
165 863 256 947 cipit,
287 863 356 928 fieri
385 863 439 928 vix
467 865 576 946 potest
606 862 684 947 quin
712 860 751 926 de
778 882 863 926 nova
891 861 964 945 lege
987 859 1098 944 aliqua
1121 859 1310 943 cogitemus,

165 991 229 1053 qua
252 970 340 1034 circa
360 969 441 1034 illud
463 969 570 1053 ipsum
593 972 721 1053 tempus
749 969 818 1032 lata
846 968 885 1032 ad
908 966 1080 1051 pristinam
1104 965 1310 1030 severitatem

165 1076 334 1140 dictatoris
362 1075 482 1141 creatio
509 1079 663 1141 revocata
691 1075 749 1140 sit:
780 1074 870 1139 cuius
898 1073 981 1159 legis
1011 1095 1088 1138 casu
1114 1071 1311 1160 factumest

164 1186 202 1246 ut
224 1164 345 1248 mentio
369 1183 461 1248 nulla
483 1186 622 1267 superet
667 1181 791 1248 Mansit
815 1183 923 1247 antem
952 1202 991 1246 ea
1013 1179 1183 1261 severitas,
1213 1177 1240 1241 si
1268 1177 1310 1241 ab

165 1310 230 1354 uno
250 1288 286 1365 Q.
304 1288 480 1354 Hortensio
504 1289 580 1354 anni
600 1289 806 1354 circitatur
827 1286 1060 1377 discesseris*),
1083 1285 1124 1350 ad
1141 1282 1185 1348 M.
1204 1283 1309 1349 Minu·
1324 1308 1385 1350 xm

165 1395 250 1460 cium
282 1418 339 1480 per
370 1396 533 1482 integrum
567 1397 741 1477 saeculum,
774 1399 851 1480 post
877 1394 1089 1461 Hortensium
1120 1413 1178 1480 per
1208 1414 1311 1457 annos

165 1501 333 1587 sexaginta
356 1503 512 1587 quinque:
535 1501 620 1567 unde
642 1501 806 1588 intellegis
829 1523 894 1568 non
913 1505 1041 1566 tantum
1060 1521 1133 1564 raro
1154 1499 1310 1584 exemplo,
1369 1577 1374 1588 ἱ

164 1613 202 1674 ut
229 1608 416 1675 dicebamus
443 1632 555 1694 supra,
588 1608 644 1674 sed
671 1608 852 1693 rarissimo,
884 1607 983 1672 immo
1015 1628 1116 1690 prope
1150 1606 1311 1691 singulari

163 1739 230 1782 non
257 1715 461 1782 consularem
484 1714 661 1780 Minucium
690 1735 759 1778 esse
787 1714 978 1778 dictatorem
1004 1712 1135 1777 dictum.
1184 1711 1311 1777 Licebit

164 1823 266 1908 igitur
289 1822 327 1888 de
351 1821 509 1906 singulari
529 1843 642 1886 caussa
665 1821 774 1905 aliqua
792 1824 861 1885 tam
880 1819 1050 1884 insolentis
1071 1819 1118 1883 rei
1138 1818 1309 1903 suspicari:

164 1930 254 1995 velut
277 1928 316 1993 de
342 1927 483 1993 factioso
512 1927 618 1992 studio
647 1925 814 2012 gentilicio
837 1924 881 1990 M.
899 1923 1033 1990 Minucii
1062 1925 1216 2010 consulis,
1246 1946 1309 2008 quo

164 2036 193 2100 is
222 2035 289 2100 sive
316 2038 434 2120 patruo
468 2036 535 2100 sive
563 2034 659 2100 fratri
690 2033 831 2118 patrueli
861 2033 1110 2119 gratificaretur:
1146 2055 1222 2098 nam
1255 2033 1309 2097 ille

164 2163 260 2226 quam
294 2141 433 2227 superbo
466 2141 759 2226 intemperantiquc
791 2140 921 2226 ingenio
951 2139 1063 2222 fuerit,
1099 2139 1310 2225 quadriennio

163 2252 239 2332 post
261 2249 418 2335 magister
440 2249 585 2333 equitum
613 2248 698 2336 satis
717 2246 877 2330 probavit.
920 2243 1056 2321 Qualem
1081 2268 1229 2312 caussam
1252 2247 1310 2311 ubi

164 2355 272 2420 animo
295 2353 536 2438 informaveris,
559 2354 640 2418 illud
664 2375 789 2438 quoque
814 2357 866 2417 sat
887 2353 1023 2437 proclivi
1046 2355 1231 2420 coniectura
1254 2353 1309 2417 ad·

163 2482 312 2546 sequare,
343 2461 536 2526 dictatorem
564 2460 640 2545 quid
668 2459 875 2543 potissimum
904 2459 1042 2524 moverit
1068 2464 1106 2525 ut
1128 2481 1187 2544 pro
1211 2461 1311 2545 legio-

162 2590 240 2632 num
263 2565 479 2653 Minuciarnm
508 2567 612 2631 salute
641 2569 738 2650 atque
760 2565 910 2650 prosperi
912 2568 994 2650 t,atc
1026 2564 1213 2631 exclusoP.
1232 2565 1309 2632 Cor·
1386 2585 1392 2592 ·

64 2753 70 2758 ·
164 2673 241 2736 nelii
266 2673 421 2756 exercitu,
443 2676 557 2738 votnm
580 2671 831 2756 susciperat—
794 2669 919 2737 -oel
903 2675 1010 2737 terum
1033 2672 1165 2737 Herculi
1187 2673 1308 2757 simpli·

164 2780 245 2845 citer
268 2782 379 2844 votum
403 2779 459 2844 ille
481 2778 624 2845 faciebat
642 2799 701 2863 pro
720 2777 787 2843 vict
788 2777 857 2844 oria
877 2777 1026 2864 militari,
1049 2801 1108 2863 pro
1128 2801 1192 2864 qua
1211 2780 1308 2844 etiam

164 2885 315 2951 usitatius
342 2885 474 2952 Herodi
498 2885 613 2952 Victori
644 2883 792 2950 consules
818 2888 1025 2969 praetoresve
1057 2885 1198 2970 plurimi.
1244 2885 1309 2951 Vix

163 2997 271 3060 autem
294 2998 345 3060 est
369 2993 455 3079 quod
478 3015 664 3059 moneamus
687 2992 778 3058 nullo
809 2993 1060 3058 constructionis
1083 2993 1212 3059 vinculo
1236 3015 1308 3059 cum

162 3101 236 3185 ipso
258 3101 357 3167 titulo
380 3101 553 3186 principali
575 3100 741 3186 legionum
768 3121 920 3166 numeros
943 3101 1117 3185 contineri,
1145 3101 1200 3166 sed
1224 3123 1308 3167 seor-

163 3231 235 3272 sum
257 3208 292 3272 in
315 3207 415 3273 latere
439 3207 621 3291 adscriptos
645 3229 715 3272 esse
738 3207 900 3272 consulito
923 3207 1129 3292 antiquitatis
1154 3207 1308 3290 simplici-

198 3313 373 3390 taQuos
404 3315 553 3397 licuerat,
586 3314 615 3377 si
646 3313 823 3397 placuisset
856 3317 888 3378 et
919 3335 989 3378 mos
1022 3315 1138 3379 aetatis
1171 3314 1309 3397 tulisset,

162 3318 317 3485 ceteiis
308 3441 342 3483 m
364 3419 428 3483 tine
456 3421 502 3484 sic
528 3422 670 3484 nectere:
703 3417 864 3483 VOVI'P·
880 3417 988 3484 PRO·
1004 3415 1047 3484 l
1061 3419 1099 3483 I·
1114 3418 1226 3484 XXVI
1258 3421 1308 3484 vel

162 3523 263 3590 PRO·
276 3521 461 3591 SAtVTn·
474 3523 512 3590 b·
521 3524 555 3590 I·
565 3523 726 3590 XXVI
700 3546 768 3590 srva
791 3525 893 3590 PRO·
903 3522 1113 3590 VICTORIA
1137 3525 1246 3590 males.

164 3695 377 3704 ..—.--—-—

251 3787 278 3856 ⁴¹)
298 3787 359 3842 Nisi
381 3785 454 3842 forte
477 3787 542 3843 huic
566 3789 685 3845 alterum
709 3789 868 3860 exemplum
895 3790 1053 3846 addendum
1081 3793 1125 3846 est
1148 3790 1195 3848 Ora
1215 3791 1308 3846 Fulvii

162 3877 210 3934 Cn.
229 3876 249 3932 f.
269 3875 318 3934 Cn.
335 3895 362 3933 n.
381 3876 496 3931 Maximi
521 3876 678 3933 Centumali
701 3877 847 3934 dictatoria
876 3894 902 3933 a.
921 3883 987 3948 491,
1015 3878 1063 3934 sed
1086 3881 1197 3935 tantum
1222 3880 1308 3935 ‘olavi

162 3967 266 4038 figendi
285 3967 394 4023 caussa’
415 3967 495 4022 dicti:
515 3984 599 4036 quem
616 3967 731 4022 tametsi
749 3967 869 4022 eundem
887 3965 986 4022 haberi
1005 3983 1068 4021 cum
1082 3967 1196 4023 consule
1214 3985 1238 4025 a.
1255 3973 1307 4024 4⁶6

161 4057 253 4126 video,
270 4057 367 4112 tamen
380 4055 473 4112 nescio
488 4073 523 4110 an
538 4055 711 4126 probabilius
726 4056 763 4110 ab
776 4055 826 4111 illo
846 4059 878 4111 nt
896 4055 983 4110 alium
997 4055 1161 4127 distinguas.
1177 4087 1209 4098 ·-
1229 4057 1308 4112 Alias

126 4191 131 4204 .
162 4146 297 4215 quasdam
321 4145 447 4202 eiusdem
470 4144 580 4216 generis
604 4143 794 4200 dubitationes
817 4144 864 4199 bic
886 4144 1018 4215 persequi
1039 4145 1154 4216 longum
1183 4149 1232 4202 est.
1276 4149 1307 4202 In

162 4235 331 4290 baubariam
350 4236 473 4306 partem,
492 4237 525 4289 ut
542 4234 596 4289 hoc
614 4235 685 4301 utar,
707 4232 784 4288 valet
801 4233 876 4302 quod
896 4249 995 4288 caussa
1013 4249 1068 4289 nou
1086 4237 1206 4304 apparet
1224 4253 1272 4290 cur
1290 4253 1308 4291 a

163 4323 277 4378 consule
300 4325 366 4380 anni
385 4330 436 4378 402
461 4323 587 4378 diversus
609 4322 724 4392 putetur
746 4319 880 4392 magister
902 4319 1027 4390 equiturn
1051 4321 1117 4376 anni
1136 4328 1188 4377 422
1211 4323 1240 4378 P.
1252 4324 1306 4380 Va

161 4409 247 4465 lerina
268 4411 426 4483 Poplicola,
458 4412 504 4470 vel
527 4428 544 4467 a
567 4429 622 4469 cos.
645 4429 671 4468 a.
690 4415 741 4469 tot
767 4425 841 4482 mag.
866 4427 909 4480 eq.
933 4427 958 4465 a.
978 4417 1030 4466 530
1052 4412 1087 4468 N.
1105 4410 1209 4468 Fabius
1231 4413 1268 4469 Μ.
1288 4413 1307 4468 f.

161 4497 199 4554 M.
217 4515 245 4552 n.
264 4499 362 4557 Buteo.
