3216 5082
561 370 842 420 avernauanrvn
865 370 900 416 11.
1240 347 1306 414 515

161 514 227 576 test
247 516 361 578 nostra
384 511 545 578 sententia
568 513 647 598 quin
667 513 817 580 binorum
836 516 873 576 ut
891 529 986 594 saepe
1001 505 1191 575 Aniciorum
1210 507 1306 573 liber-

160 621 213 682 tus
236 619 375 703 dicatur,
400 617 473 685 becci
496 623 529 684 et
551 618 655 686 srael.
690 621 754 686 Pro
778 641 841 705 quo
864 619 988 684 rariore
1007 615 1215 701 praenomine
1234 637 1306 680 oum

159 725 337 811 lapidarius
362 725 384 792 S
408 727 593 810 scripsisset
614 727 813 812 imprudens,
840 727 974 812 cognito
999 747 1107 792 errore
1130 744 1230 808 supra
1251 743 1307 806 po·

160 831 260 898 situm
293 855 363 898 esse
390 833 417 898 Τ
450 837 483 900 ct
511 837 761 900 consentaneum
793 839 844 898 est
876 837 909 898 et
941 832 1115 898 simillimis
1149 830 1306 914 exemplis

161 938 300 1004 evidens.
332 937 432 1004 Velut
453 961 520 1004 non
543 939 641 1004 aliam
664 940 698 1004 in
721 943 848 1025 partem
867 939 955 1004 valet
973 939 1007 1004 in
1022 936 1184 1024 Aquilano
1208 937 1306 1002 titulo

160 1081 195 1146 P.
214 1081 249 1146 a.
268 1082 310 1147 M.
329 1082 365 1147 a.
390 1082 456 1146 aa.
475 1081 532 1147 nx
551 1082 579 1148 o
601 1079 648 1170 [o.
672 1082 695 1148 1.
719 1081 756 1147 a.
778 1081 794 1146 1
817 1104 848 1146 n.
870 1083 969 1162 1298]
994 1031 1185 1145 savrlvs
1208 1078 1306 1162 serip-

161 1191 246 1272 tura,
269 1211 351 1273 quae
374 1189 439 1275 ipsi
462 1188 615 1255 Henaeno
640 1189 737 1255 Orell.
761 1189 899 1256 116235
921 1187 1028 1254 fraudi
1052 1187 1127 1252 fuit:
1155 1208 1218 1272 quo
1242 1185 1308 1250 alia

160 1315 226 1360 non
258 1317 362 1380 pauca
395 1287 486 1363 adde
507 1319 546 1362 ex
579 1299 707 1364 aeribus
740 1298 946 1383 potissimum
979 1299 1135 1380 congesta
1161 1292 1307 1358 Indicum

159 1407 344 1470 nostrorum
369 1427 400 1489 p.
422 1405 507 1469 121⁸.
541 1403 653 1488 Ipsam
677 1407 785 1469 autem
801 1403 990 1468 Aniciorum
1014 1405 1144 1488 gentem
1163 1400 1197 1464 in
1211 1397 1306 1464 Prae

160 1510 296 1576 nestiuis
315 1533 382 1576 non
401 1510 579 1596 ignobilem
604 1510 703 1576 fuisse
722 1532 795 1575 cum
817 1513 924 1575 cetera
947 1510 1015 1574 eius
1038 1507 1179 1573 nominis
1203 1525 1307 1570 exem·

161 1615 216 1699 pla
238 1616 363 1682 faciunt
385 1620 422 1682 ut
446 1617 626 1682 credamus:
658 1615 928 1682 ANIOIA·M·F
955 1619 989 1679 et
1015 1609 1307 1678 L·ANICI·V·F

160 1721 194 1786 P.
213 1722 249 1788 L.
268 1723 311 1788 M.
330 1723 368 1788 Ε.
391 1725 457 1789 tab.
475 1723 574 1808 XLV,
591 1725 654 1789 1.2
675 1722 724 1805 [C.
742 1723 767 1788 I.
787 1723 821 1787 L.
842 1723 857 1786 I
876 1723 969 1788 nil.
985 1721 1052 1804 75],
1075 1742 1137 1805 quo
1153 1714 1308 1782 ANIGIA

160 1827 306 1893 Henaeni
334 1829 459 1894 accedit
485 1829 520 1894 in
543 1831 659 1895 Annal.
682 1829 762 1894 Inst.
786 1829 873 1894 arch.
897 1851 924 1894 a.
945 1828 1030 1894 1855
1053 1850 1082 1911 p.
1099 1827 1141 1891 78
1164 1847 1194 1889 n.
1214 1825 1234 1888 3
1258 1819 1307 1903 [Ο.
1427 1817 1439 1836 ⁰

160 1932 185 1996 I.
199 1933 235 1998 L.
254 1934 270 1998 Ι
287 1957 318 2000 n.
330 1936 395 2018 76],
418 1936 497 2002 item
515 1934 638 2002 ANIOI
661 1937 695 2001 in
717 1936 834 2002 mutilo
854 1936 962 2021 lapide
980 1934 1117 2001 Petrinii
1141 1956 1171 2018 p.
1186 1931 1308 2015 324,4;

160 2043 231 2104 tum
259 2043 387 2126 praeter
414 2044 522 2106 cetera
544 2040 751 2108 Petrinianus
779 2043 895 2108 titulus
923 2065 952 2127 p.
972 2042 1046 2125 321,
1065 2041 1106 2105 21
1136 2038 1309 2124 persuadet

160 2147 216 2230 qui
235 2151 286 2212 est
299 2147 389 2224 talis:
412 2146 536 2214 BASSI
555 2150 560 2234 Ι
581 2148 991 2216 ANICIO-AVCHENIO
1013 2153 1017 2230 l
1037 2143 1306 2214 BASSO-Vc·

159 2252 358 2321 PROCONS
370 2253 374 2342 l
387 2252 758 2324 OAMP-PROVISORI
769 2293 774 2306 ·
785 2251 1306 2344 1111181Ι)ΕΜ·Ρ11Ο1ΙΙΝΟΙΑΕι

160 2359 510 2450 Ruelrlrvuonl
525 2399 530 2411 ·
547 2362 764 2430 GENERIS
785 2365 790 2447 Ι
811 2360 1099 2429 ANICIORVM
1115 2395 1120 2408 ·
1137 2359 1192 2425 OB
1209 2395 1215 2407 ·
1230 2358 1306 2422 ME·

111 2525 115 2534 .
160 2467 264 2531 RI'FA
285 2468 290 2552 l
309 2465 410 2532 EIVS
426 2467 682 2535 JNLvsrruA
701 2475 706 2550 1
727 2469 843 2536 ORDO
859 2506 864 2519 ·
880 2466 1104 2543 POPVLVSQ
1120 2503 1126 2516 ·
1142 2463 1305 2550 CIVITAl

160 2573 227 2638 TIS
242 2610 248 2621 ·
262 2573 602 2641 PRAENESTINAE
619 2612 624 2624 ·
640 2576 729 2642 PON
742 2613 748 2625 ·
764 2575 883 2642 GENS.

250 2681 384 2764 Quodsi,
408 2682 486 2767 quid
504 2682 695 2748 Aniciorum
717 2684 853 2749 libertus
876 2683 932 2748 ille
949 2681 1050 2748 Gaius
1074 2679 1188 2765 egerit,
1211 2699 1307 2764 quae-

160 2787 219 2870 ris,
242 2787 453 2873 inpromptu
477 2793 527 2854 est
549 2789 763 2875 probabiliter
786 2789 989 2874 respondere.
1022 2787 1097 2854 Sive
1116 2787 1202 2851 enim
1220 2789 1307 2872 recte

160 2893 280 2978 legisse
304 2892 496 2961 Cecconium
519 2893 690 2981 RIANDO
719 2895 892 2963 credideris
923 2894 971 2984 (et
998 2897 1032 2960 in
1059 2894 1192 2980 reliquis
1221 2897 1307 2959 certe

160 2999 257 3065 fidem
280 3002 336 3068 ille
359 3003 493 3069 minime
517 3003 690 3094 destituit),
714 3027 770 3070 seu
784 3005 869 3071 forte
883 3003 1063 3070 RTANDO
1078 3002 1188 3088 potius
1208 3001 1306 3084 scrip·

160 3112 236 3195 tum,
258 3107 358 3174 fuisse
386 3109 559 3176 conieceris
588 3107 700 3195 (quam
729 3111 901 3177 lectionem
930 3133 997 3177 non
1025 3110 1168 3184 excludit
1191 3108 1307 3174 saltem

161 3215 362 3300 dispescendi
385 3217 534 3282 vocabuli
562 3217 647 3282 ratio
676 3215 897 3304 insolentior),
932 3218 1034 3283 ullum
1064 3217 1149 3302 quod
1177 3215 1308 3300 quidem

160 3322 224 3385 huc
256 3321 391 3405 quadret
423 3323 556 3388 verbum
588 3323 725 3389 latinam
754 3324 901 3410 linguam
930 3329 1096 3408 praestare
1123 3322 1355 3408 negandum1x

163 3431 213 3492 est
235 3431 364 3510 praeter
386 3449 487 3492 unum
508 3429 675 3494 venando:
703 3429 736 3494 id
760 3430 845 3514 quod
870 3451 930 3514 pro
954 3451 988 3495 se
1011 3429 1091 3514 ipse,
1114 3428 1307 3514 quicumque

162 3533 302 3618 experiri
324 3534 426 3618 uolet,
459 3554 654 3619 cognoscere
681 3535 851 3622 poterit.*)
902 3535 1060 3601 Variando
1091 3538 1201 3599 autem
1228 3532 1307 3597 illud

159 3640 247 3704 haud
270 3643 459 3706 cunctanter
476 3641 764 3726 interpretabimur
785 3643 837 3708 vel
855 3641 1004 3708 coloratus
1022 3642 1236 3724 distorquendo
1256 3639 1306 3704 vel

160 3748 301 3813 fortasse
320 3767 407 3830 opere
419 3749 585 3830 pictacia,
609 3749 678 3814 sire
697 3751 817 3815 tectorio
836 3751 893 3815 aut
911 3747 1059 3814 tessellato
1078 3747 1189 3830 males,
1210 3747 1307 3810 verre

157 3857 270 3940 pando.
314 3853 384 3920 Nec
407 3854 441 3919 in
463 3854 628 3921 hominem
651 3857 806 3924 libertum
834 3856 1014 3922 infitiabere
1041 3855 1107 3920 tale
1135 3853 1307 3918 artificium

161 3962 324 4049 imprimis
349 3962 535 4028 convenire:
559 3963 644 4048 quod
668 3963 720 4027 vel
740 3985 814 4028 arae
833 3963 885 4026 rel
903 3962 981 4027 fano
1001 3962 1053 4028 vel
1072 3959 1170 4026 alicui
1189 3958 1308 4023 sacello

161 4069 325 4157 Apollinis
354 4069 537 4135 exornando
566 4069 748 4135 adhibitum
776 4073 835 4134 est.
881 4067 1025 4134 Accedat
1056 4067 1166 4152 igitur,
1198 4065 1224 4129 si
1251 4086 1309 4149 per

162 4221 373 4232 ——a—u--a-—u-1

250 4303 275 4367 *)
300 4298 354 4354 vix
379 4297 454 4354 enim
482 4299 627 4355 inventum
660 4297 696 4354 iri
723 4297 871 4368 opinamur
903 4294 952 4364 qui
979 4295 1058 4350 velut
1085 4293 1306 4368 STlRlANDO·

163 4385 378 4443 EXORNAVIT
396 4387 443 4443 vel
461 4387 568 4458 aliquid
588 4387 679 4444 simile
698 4386 876 4443 commendet
894 4385 1036 4454 argutiors
1050 4383 1209 4472 mehercule
1223 4400 1308 4454 qaam

163 4475 308 4530 subtiliore
328 4480 496 4534 commento.

1039 4565 1095 4618 33*
