3116 5066
492 396 640 444 nrrvnvs
665 396 883 444 uvunrnnvs.
1216 375 1258 438 83

138 532 362 600 inhlummiana
385 537 500 601 tabula
523 539 551 602 ei
576 561 687 603 versus
713 544 828 622 essent,
851 559 909 602 nec
926 535 1084 600 Marinius
1104 535 1261 598 monstra-

138 641 179 704 rit
197 663 250 706 nec
270 647 342 725 post
361 665 435 707 eum
449 643 589 709 Orellius
609 645 761 728 definivit,
785 643 953 710 Saturnios
978 665 1047 707 esse
1072 639 1261 724 simpliciter

137 747 283 813 affirmans
305 771 334 814 n.
354 751 428 816 563.
465 749 548 815 Miro
572 753 705 819 invento
728 775 850 836 versus,
873 774 954 837 quos
977 749 1082 815 nullos
1103 769 1172 812 esse
1191 747 1261 830 ipse

136 855 285 940 fateretur,
314 857 347 920 in
375 856 577 942 Anthologia
604 859 659 923 lat.
687 882 718 924 n.
745 861 785 924 13
813 859 963 942 Meyerus
992 855 1176 938 descripsit,
1209 853 1260 917 cui

136 967 229 1027 tarum
250 962 443 1049 pedisequus
465 987 531 1030 non
550 965 652 1030 defuit
671 965 790 1030 Zellius
813 989 843 1030 n.
859 966 956 1030 1922:
979 963 1133 1028 horribile
1153 965 1261 1024 autem

136 1089 322 1135 numerorum
355 1075 537 1136 monstrum
570 1073 730 1157 quoddam
763 1073 947 1154 ediderunt,
984 1091 1120 1154 quorum
1151 1089 1263 1132 conso-

136 1174 215 1240 ciatis
243 1179 375 1242 somniis
404 1179 507 1244 satius
534 1179 641 1244 iuerat
670 1181 772 1246 bonas
802 1181 928 1244 litteras
956 1199 1020 1241 non
1049 1175 1262 1241 dehonestari.

137 1279 241 1349 Contra
263 1308 342 1370 quos
366 1287 498 1352 omnino
521 1288 669 1352 versibus
700 1288 867 1353 astrictam
899 1285 1080 1350 orationem
1109 1304 1179 1347 csse
1207 1283 1261 1345 alii

135 1396 286 1474 negarunt,
309 1415 376 1457 non
399 1390 592 1459 Streuberus
616 1399 745 1459 tantum
769 1393 931 1477 ἀευετάτῳ
960 1391 998 1456 de
1026 1391 1172 1474 inscript.
1198 1388 1263 1454 Sat

136 1499 383 1566 commentariolo
408 1523 438 1585 p.
457 1501 510 1566 33.
534 1503 575 1566 37
605 1505 638 1566 et
667 1523 784 1585 pravae
809 1499 972 1585 opinionis
996 1499 1145 1564 defensor
1169 1494 1263 1561 Cors-

136 1605 227 1669 senius
250 1605 336 1690 Orig.
360 1629 447 1690 poss.
470 1607 572 1692 Rom,
600 1609 656 1672 sed
680 1609 777 1672 etiam
802 1608 874 1672 sani
897 1607 948 1671 vir
971 1605 1079 1669 iudicii
1103 1603 1263 1668 Henricus

135 1707 242 1777 Keilius
270 1717 381 1778 noster
409 1714 442 1778 in
474 1713 597 1778 Diariis
626 1715 726 1800 antiq.
756 1713 838 1779 strl.
867 1737 894 1779 a.
916 1715 1001 1779 1848
1029 1735 1059 1795 p.
1078 1713 1151 1776 277.
1203 1708 1264 1776 Oui

134 1819 227 1883 tamen
249 1825 285 1884 ut
307 1819 346 1884 de
371 1819 444 1884 aliis
468 1821 661 1903 quibusdam
683 1843 750 1886 non
773 1822 942 1904 assentior,
965 1821 1012 1884 ita
1035 1820 1069 1882 in
1088 1817 1263 1901 Eurysacis

135 1929 326 1990 monumento
350 1947 463 1990 versus
487 1948 557 1991 esse
581 1949 648 1992 non
667 1929 771 2012 magis
801 1929 895 1992 oredo
920 1949 1016 2012 quam
1043 1949 1108 1991 non
1138 1947 1207 1989 essa
1231 1924 1264 1987 in

135 2025 325 2096 Mummiano.
372 2030 512 2097 Omnino
537 2037 642 2097 autem
667 2035 716 2098 ita
739 2035 845 2099 sentio
868 2039 905 2098 ut
928 2037 1135 2117 praepostere
1159 2031 1264 2115 egisse

135 2135 245 2200 credam
268 2138 460 2222 quicumque
484 2143 691 2222 apoetarum
710 2141 901 2225 fragmentis
926 2139 1031 2204 exorsi
1055 2138 1095 2202 ad
1113 2158 1264 2202 versuum

136 2236 343 2310 Saturniorum
380 2243 485 2327 legem
523 2246 697 2310 eruendam
734 2247 947 2330 perrexerint,
985 2243 1264 2326 certissimumque

135 2369 214 2412 verae
236 2349 400 2415 doctrinae
422 2350 546 2415 fontem
575 2374 645 2417 esse
674 2357 956 2417 monumentorum
984 2351 1132 2434 exempla
1156 2351 1264 2415 existi-

136 2475 216 2538 mem,
238 2456 443 2520 librariorum
463 2457 545 2521 nulli
564 2459 614 2522 vel
633 2459 777 2524 incuriae
796 2461 848 2524 vel
868 2459 994 2522 libidini
1014 2459 1163 2524 obnoxia.
1194 2456 1266 2532 Qua
1306 2449 1309 2456 ’

136 2560 179 2623 ria
199 2562 251 2625 ubi
273 2563 401 2626 firmum
425 2562 670 2629 fundamentum
694 2565 817 2642 iecoris,
844 2569 915 2628 tum
934 2565 1062 2628 demum
1087 2562 1265 2646 expenden-

135 2663 199 2730 dum
220 2668 292 2750 erit,
316 2669 344 2732 si
368 2690 451 2752 quae
474 2669 558 2732 forte
579 2691 632 2734 res
652 2670 772 2734 sintin
791 2670 908 2754 quibus
933 2669 974 2732 ab
998 2667 1170 2752 indagatae
1193 2688 1265 2731 nor-

137 2792 197 2837 mae
218 2775 400 2840 constantia
417 2774 502 2839 Livii
516 2771 694 2860 Naeviique
719 2800 770 2842 ars
795 2777 980 2842 discesserit
1003 2775 1170 2858 aliquanto
1193 2773 1266 2857 plus

137 2875 269 2946 licentiae
292 2882 355 2948 sibi
380 2903 518 2946 sumens.
564 2881 649 2946 Nam
673 2888 825 2948 constans
854 2886 904 2946 est
932 2903 1009 2946 sane
1033 2903 1130 2965 quam
1154 2901 1266 2944 monu-

137 2991 233 3052 menta
254 2989 358 3073 legem
382 2989 579 3073 stragulam
600 2993 744 3054 servant:
769 2990 858 3054 cuius
883 2989 944 3053 etsi
964 2987 1196 3052 demonstratio
1221 2989 1267 3050 at

136 3111 187 3173 que
208 3095 352 3177 probatio
377 3094 411 3158 in
435 3095 532 3158 aliam
557 3096 833 3178 opportunitatem
861 3093 1036 3160 differenda
1064 3097 1128 3174 est,
1157 3097 1267 3156 tamen

138 3217 281 3266 summam
304 3201 410 3284 ipsam
433 3201 544 3282 paucis
569 3202 615 3265 sio
639 3201 909 3285 comprehendere
933 3201 1018 3284 licet,
1041 3204 1077 3264 ut
1095 3217 1153 3264 nec
1172 3199 1266 3262 omit-

126 3303 213 3368 tatur
227 3328 378 3392 umquam
397 3307 448 3372 vel
470 3307 588 3392 prioris
607 3308 805 3374 hemistichii
825 3309 989 3373 anacrusis
1009 3307 1059 3371 vel
1080 3305 1266 3369 alterutrius
1282 3319 1307 3358 11

138 3406 225 3477 thesis
249 3414 369 3493 finalis,
401 3436 460 3480 nec
490 3437 643 3499 umquam
668 3415 762 3480 alteri
789 3415 995 3480 hemistichio
1025 3411 1189 3478 anacrusis
1213 3409 1266 3473 ad-

138 3514 227 3601 datur,
252 3543 309 3586 nec
334 3522 462 3606 saepius
487 3544 584 3606 quam
612 3522 647 3585 in
671 3521 807 3606 singulis
834 3520 1048 3586 hemistichiis
1074 3518 1172 3583 semel
1194 3517 1267 3580 reli-

139 3641 208 3703 quae
243 3627 350 3692 theses
389 3627 645 3711 supprimantur,
687 3649 745 3691 nec
782 3627 953 3711 quicquam
991 3626 1180 3690 offensionis
1218 3623 1267 3687 vel

140 3730 246 3796 arsiam
278 3734 398 3798 solutio
431 3733 482 3797 vel
514 3733 675 3816 neglectio
707 3755 857 3797 caesurae
891 3733 941 3798 vel
970 3733 1131 3797 vocalium
1159 3731 1267 3794 hiatus

139 3832 251 3904 babeat.
295 3841 346 3906 Ad
372 3861 452 3923 quas
477 3839 607 3923 regulas
631 3839 867 3904 Mummianum
890 3840 1021 3904 titulum
1052 3839 1141 3902 nullo
1170 3854 1267 3918 nego-

140 3941 178 4004 tio
199 3947 521 4036 accommodabimus,
555 3944 651 4010 modo
685 3945 746 4009 duo
774 3946 914 4029 largiare
944 3944 1030 4008 haud
1063 3964 1140 4006 sane
1168 3939 1268 4004 ardua

140 4044 260 4140 largitu:
290 4056 432 4138 primum
463 4058 499 4116 ut
531 4051 721 4136 lapidarius,
754 4075 825 4118 cum
854 4053 894 4118 ad
923 4053 1018 4116 finem
1047 4069 1157 4112 versus
1185 4047 1267 4111 sexti

140 4159 322 4234 pervenisset
346 4157 465 4235 QVOD
495 4157 612 4221 litteris
636 4160 815 4242 terminati,
843 4157 1073 4242 praetermissa
1101 4176 1194 4238 quam
1220 4153 1267 4218 in-

141 4259 232 4328 cidere
254 4267 409 4334 debuerat
435 4263 474 4330 18
505 4265 629 4348 syllaba
657 4265 697 4330 ad
725 4267 864 4331 similem
893 4285 975 4347 quae
1003 4261 1197 4346 sequebatur
1220 4259 1267 4324 IN

141 4370 272 4437 voculam
317 4373 538 4457 imprudenter
580 4373 782 4437 transiluisse
831 4371 993 4453 credatur,
1037 4369 1190 4450 alterum,
1232 4371 1269 4431 ut

142 4469 172 4534 in
204 4475 261 4542 duo
295 4478 456 4546 vocabula
493 4479 561 4543 sive
594 4479 738 4542 numeris
778 4479 845 4541 sive
878 4476 997 4541 eisdem
1030 4474 1172 4540 numeris
1204 4495 1269 4538 non

1020 4578 1056 4633 ὃ*
