3216 5082
575 368 857 418 svernnunurvu
880 371 929 418 111.
1262 353 1328 420 525

183 510 346 576 seiunctas
371 533 441 576 esse
466 507 669 578 lul-XXVI
690 517 786 578 notes
809 513 936 578 facilius
959 513 1103 578 animum
1126 517 1163 578 ut
1185 513 1326 597 suspica-

182 640 236 683 rer
257 618 465 684 induxissem.
502 618 590 696 Quas
612 623 707 685 notas
732 643 805 684 cum
827 641 895 685 non
917 623 984 685 tam
1004 620 1211 685 coniecissem
1230 641 1326 704 quam

183 725 328 791 modeste
362 730 395 790 et
427 725 612 791 dubitanter
644 727 875 811 quaesivissem
912 749 989 792 num
1021 725 1106 791 forte
1142 726 1256 790 liceret
1288 724 1328 790 ad
1424 793 1427 799 ,

184 829 324 916 bayioncs
345 832 362 897 I
385 836 418 897 et
439 831 547 897 XXVI
575 833 700 918 referri,
732 855 799 900 non
825 833 890 899 fuit
912 833 1043 900 difficile
1065 832 1267 898 Mommseno
1296 830 1329 895 id

182 939 376 1026 impugnare
399 937 566 1004 0.1.L.1
589 940 671 1006 Add.
694 964 724 1025 p.
743 941 823 1007 558:
847 941 902 1006 ubi
926 963 1008 1026 quae
1032 944 1144 1006 contra
1167 961 1218 1004 me
1242 938 1328 1003 dicta

183 1051 272 1130 sunt,
300 1068 411 1112 eorum
438 1045 507 1112 fere
529 1047 611 1112 nihil
636 1051 686 1112 est
712 1049 798 1132 quod
821 1070 885 1113 non
913 1053 1027 1113 contra
1057 1069 1108 1112 me
1138 1046 1208 1130 ipse
1231 1045 1328 1110 dixis-

183 1175 251 1218 sem
283 1154 333 1218 vel
367 1153 484 1219 saltem
517 1155 763 1239 significassem,
800 1153 965 1221 ‘felicioris
997 1154 1122 1240 ingenii
1154 1152 1328 1240 sagacitati

182 1260 322 1325 libenter
350 1258 522 1326 cessurue’:
556 1261 683 1346 quando
711 1261 841 1346 aliquod
868 1264 979 1327 tamen
1007 1263 1048 1327 ab
1072 1261 1181 1345 aliquo
1205 1259 1327 1344 pericu·
1368 1309 1378 1322 .

182 1368 250 1432 lum
273 1366 508 1452 interpretandi
536 1368 606 1432 fieri
629 1369 812 1453 oportebat.
857 1366 1077 1454 Sagacitatem
1103 1367 1206 1452 igitur
1228 1366 1328 1432 maio·

182 1496 250 1539 rem
273 1497 339 1540 non
362 1473 528 1538 diffitebor
541 1473 818 1540 Mommseniauae
837 1475 1041 1541 coniecturae
1060 1496 1140 1558 esse,
1163 1497 1226 1559 qua
1247 1471 1328 1539 tas·

181 1580 376 1647 coelaletae
402 1579 511 1644 XXVI
538 1582 817 1647 commendantur:
849 1581 1025 1647 feliciorem
1059 1603 1130 1646 csse
1156 1603 1215 1646 nec
1247 1580 1327 1646 mihi

181 1687 276 1752 facile
305 1685 505 1772 persuadebo
533 1707 592 1750 nec
620 1687 748 1753 videtur
771 1687 833 1751 sibi
863 1687 933 1771 ipse
960 1687 1175 1770 persuasisse,
1207 1687 1328 1770 quippe

182 1793 291 1858 ludere
316 1815 349 1858 se
373 1796 500 1858 tantum
524 1792 663 1876 exempli
686 1813 801 1857 caussa
822 1792 939 1857 fassus.
971 1791 1018 1856 Vt
1039 1815 1106 1858 non
1126 1793 1196 1858 sine
1215 1793 1327 1877 aliqua

182 1899 376 1965 confidentia
398 1899 431 1963 in
455 1899 599 1964 Hannoni
622 1899 731 1983 potius
755 1899 950 1964 sententiam
969 1899 1141 1964 concedam
1161 1899 1199 1964 de
1218 1921 1326 1964 nume-

181 2007 275 2070 randi
298 2010 377 2071 nota
400 2005 574 2091 cogitantis
598 2005 789 2090 simpliciter
812 2006 846 2071 in
865 2005 1069 2072 ‘Bullcttino’
1088 2007 1181 2072 Rom.
1196 2031 1223 2073 a.
1240 2008 1325 2073 1863
1340 2024 1399 2064 vm

182 2135 212 2197 p.
232 2114 272 2177 61
293 2135 371 2198 sqq.,
394 2134 457 2197 qua
481 2112 610 2198 quidem
633 2113 771 2198 singulis
794 2114 890 2179 rebus
913 2115 1014 2180 sacris
1037 2113 1162 2199 inipso
1182 2115 1326 2182 sacrario

182 2219 362 2284 adservatis
383 2219 432 2284 sui
451 2219 574 2304 singuli
592 2219 670 2302 loci,
694 2241 731 2284 eo
756 2243 820 2304 quo
839 2221 873 2284 in
890 2221 1051 2286 indicibus
1070 2221 1181 2286 ordine
1201 2245 1327 2287 enume-

181 2329 339 2410 rarentur,
362 2323 685 2411 adsignati'fuerint,
715 2326 777 2391 hoc
800 2327 911 2392 modo:
941 2324 1014 2392 Loco
1036 2327 1052 2391 I
1075 2326 1187 2416 (uam.)
1210 2327 1327 2393 XXVI.

182 2429 280 2498 (iuius
303 2433 360 2498 ille
377 2432 557 2498 notationis
577 2453 593 2495 e
612 2431 837 2497 reconditioris
857 2455 920 2518 que
937 2435 1025 2498 valet
1043 2433 1207 2499 doctrinae
1226 2435 1327 2518 copiis

182 2541 341 2625 quaedam
374 2541 521 2624 exempla
553 2539 754 2624 exprompsit
785 2561 917 2623 prorsus
950 2541 1103 2630 apposite
1131 2540 1170 2604 ad
1198 2562 1327 2624 persua-

182 2643 350 2734 sionem.*)

270 2751 379 2819 Minus
407 2775 503 2838 quam
532 2752 570 2818 dc
597 2753 685 2818 notis
713 2751 780 2816 illis
809 2749 967 2817 solitariis
990 2751 1143 2819 Henneno
1167 2755 1327 2820 assentior

182 2861 220 2925 dc
256 2861 361 2945 ipsius
391 2859 527 2926 Minucii
564 2859 727 2925 dictatura
764 2859 1013 2943 commentanti,
1050 2881 1146 2944 quam
1181 2861 1276 2926 aliter
1307 2885 1327 2926 a

181 2967 383 3034 Mommseno
403 2971 499 3054 atque
518 2991 538 3032 a
556 2989 607 3032 me
626 2967 791 3032 definitam
810 2965 929 3031 ibidem
944 2966 1139 3050 disceptavit
1155 2991 1186 3053 p.
1200 2967 1243 3034 58
1258 2991 1326 3054 sqq.

182 3074 262 3140 Rem
286 3097 413 3141 omnem
437 3079 475 3140 ut
497 3075 609 3160 paucis
632 3073 839 3158 complectar,
862 3073 999 3138 duorum
1021 3077 1150 3139 tantum
1170 3073 1325 3142 Minucio·

181 3203 252 3246 rum
281 3184 446 3268 optionem
473 3204 543 3248 esse
571 3181 728 3247 dixeram:
762 3186 819 3246 aut
845 3179 888 3245 Μ.
916 3181 1051 3246 Minucii
1080 3181 1154 3247 Rufi
1185 3184 1325 3250 consulis

181 3309 266 3353 anno
295 3289 374 3374 533,
403 3288 553 3372 magistri
585 3288 731 3371 equitum
759 3309 844 3351 anno
872 3287 947 3371 537,
980 3288 1036 3352 sed
1066 3289 1117 3352 cui
1147 3288 1326 3354 dictaturae

181 3394 352 3478 imperium
376 3415 449 3458 oum
467 3393 539 3476 ipso
558 3393 715 3459 dictatore
731 3392 768 3468 Q.
782 3391 884 3457 Fabio
899 3391 1043 3459 Maximo
1062 3394 1219 3478 singulari
1237 3417 1325 3480 pror·

182 3521 236 3564 sus
260 3500 407 3584 exemplo
431 3521 500 3566 esse
519 3503 691 3584 aequatum
712 3501 888 3563 constaret:
913 3503 970 3563 aut
986 3498 1122 3563 alicuius
1136 3497 1179 3564 M.
1192 3499 1325 3566 Minucii

182 3605 255 3670 Rufi
275 3604 309 3670 0.
323 3605 354 3690 f,
377 3628 472 3691 quem
496 3605 687 3671 dictatorem
706 3605 792 3670 intra
811 3626 968 3669 annorum
989 3605 1165 3670 nee-535
1184 3608 1326 3692 spatium

181 3711 317 3794 factum,
340 3713 418 3778 licet
441 3713 530 3778 brevi
554 3713 691 3779 fortasse
713 3713 871 3797 temporis
890 3713 1062 3778 intervallo
1081 3713 1248 3780 interiecto
1271 3716 1325 3779 ab·

182 3819 357 3904 dicantem,
388 3819 580 3886 Plutarchus
606 3821 812 3905 prodidisset
856 3819 995 3906 Vtrique
1024 3820 1226 3886 coniecturae
1256 3824 1327 3885 erat

181 3925 266 4012 quod
291 3927 443 3992 obstaret.
488 3927 707 3993 posteriorem
737 3928 840 4012 ipsius
867 3927 1047 3994 dictaturae
1069 3927 1155 3992 ratio
1179 3927 1325 4012 aliqnan-

181 4040 250 4100 tum
274 4035 494 4117 dissuadebat,
517 4039 555 4100 ut
577 4057 674 4120 quam
695 4035 862 4101 rarissimo
880 4035 939 4100 ills
957 4034 1085 4119 quidem
1101 4038 1206 4100 aetate
1221 4057 1325 4099 exem·

181 4144 236 4226 plo
260 4141 414 4208 collatam
437 4163 507 4207 esse
530 4142 600 4206 viro
628 4163 694 4206 non
722 4141 884 4208 consulari
912 4140 1147 4227 intellegerem
1184 4141 1325 4226 priorem

270 4299 452 4372 ¹¹)[chaeni
469 4298 729 4370 interpretationem
752 4299 835 4368 plane
859 4297 1016 4353 confirmari
1040 4298 1080 4352 eis
1098 4298 1326 4370 inscriptionibus

182 4403 250 4454 quas
273 4389 420 4444 ediderunt
444 4389 475 4444 L.
500 4389 606 4443 Bruaza
635 4388 664 4442 in
686 4387 786 4442 Annal.
812 4391 881 4440 1870
909 4405 935 4456 p.
953 4391 1004 4440 114
1031 4390 1061 4442 ct
1081 4387 1269 4443 Mommsenus
1297 4389 1326 4443 in

183 4474 361 4534 ‘Bullettino’
384 4484 450 4535 1871
471 4497 499 4548 p.
515 4485 565 4534 152
580 4495 630 4548 sq,
649 4477 797 4533 adnotavit
814 4474 994 4530 Ritschelius.
1031 4476 1060 4532 C.
1076 4475 1132 4548 W.]
