3282 5076
297 383 362 446 210
444 400 590 446 mrvnvs
615 399 804 447 convuasu
828 399 1034 447 aosrasrss
1058 396 1293 444 DVELLIANAE.

222 555 282 596 vm
296 542 529 625 posterioribus
550 539 742 624 ‘Triumphi’
762 539 957 606 editionibus
981 539 1137 622 adhaesit,
1160 543 1196 602 ut
1210 536 1439 621 Antverpiensi

297 671 324 711 a.
342 647 435 730 1596,
454 645 596 712 Venetae
616 669 643 712 a.
661 648 754 731 1600,
772 648 849 711 item
873 646 936 710 nisi
954 645 1099 710 fallimur
1117 645 1283 712 Patavinis
1302 667 1330 710 a.
1346 645 1438 708 1642.

299 755 393 838 1681,
422 757 491 818 tum
520 777 558 818 ex
587 754 702 819 harum
730 754 838 838 aliqua
867 753 998 818 transiit
1025 754 1057 817 in
1087 749 1259 818 Graeciani
1281 751 1439 816 Thesauri

296 861 396 946 antiq.
419 861 512 926 Rom.
536 865 558 925 t.
577 859 623 926 IX
646 884 676 946 p.
700 861 782 926 1347
798 883 867 946 sqq.
893 859 986 946 1385.
1041 860 1147 944 Ipsius
1170 859 1333 942 Panvinii,
1356 865 1456 922 mor!

295 970 342 1033 tui
362 970 428 1033 iam
450 989 535 1034 anno
561 969 656 1052 1568,
683 969 792 1034 nullae
820 989 974 1052 umquam
1003 967 1038 1032 in
1065 967 1273 1033 instaurando
1300 970 1439 1030 tractan-

295 1077 376 1141 dove
407 1075 504 1141 titulo
537 1079 647 1160 partes
679 1075 825 1141 fuerunt:
858 1097 1051 1160 quamquam
1080 1097 1137 1160 per
1167 1074 1336 1159 repatuit
1362 1095 1439 1138 sane

247 1197 281 1236 11
295 1184 364 1248 ficri
387 1187 437 1268 ut,
467 1204 563 1268 quam
586 1182 716 1247 tabulae
741 1205 817 1247 suae
840 1181 1041 1248 Tramezzini
1063 1182 1193 1246 brevem
1216 1181 1256 1246 de
1279 1203 1439 1246 marmore

295 1288 480 1376 Capitolino
503 1289 727 1356 narrationem
751 1289 943 1355 addiderunt
956 1288 1103 1354 Panvinii
1127 1289 1368 1355 commentariis
1391 1288 1439 1352 in-

293 1397 485 1481 terpositam
516 1395 634 1485 (quode
662 1397 735 1462 vide
763 1396 899 1483 adnot),
937 1420 1007 1462 eam
1042 1421 1100 1464 suo
1132 1396 1438 1462 commentariorum

292 1505 423 1570 illorum
460 1504 637 1589 exemplari
673 1504 742 1588 ipse
773 1504 839 1570 iam
868 1504 1044 1570 Penvinius
1076 1525 1175 1568 manu
1208 1503 1439 1587 adscripsisset.

293 1664 447 1722 oollLXV.
472 1663 530 1717 Pio.
551 1663 583 1716 V.
602 1663 680 1732 Papa
707 1661 777 1717 Cum
800 1660 959 1732 Privilcgiis
986 1662 1139 1732 pontilicis,
1168 1661 1294 1717 Caesaris
1322 1661 1439 1729 Regum,

293 1751 473 1823 Reipublicae
493 1750 626 1821 Venetae,
650 1755 679 1807 et
697 1753 818 1807 ducum'
857 1753 946 1806 Huius
969 1753 1065 1808 tamen
1087 1750 1153 1806 anni
1175 1750 1349 1805 notationem
1372 1765 1439 1803 cave

294 1842 380 1896 etiam
399 1841 434 1895 ad
449 1841 566 1895 alteram
580 1841 707 1896 tabulam
722 1841 857 1896 minorem
872 1841 1024 1896 transferas
1039 1840 1125 1896 solius
1140 1840 1287 1894 columnae
1300 1839 1439 1894 rostratae

293 1931 410 2000 figuram
430 1929 620 1997 exhibentem,
640 1946 712 1999 quae
731 1928 802 1983 nihil
821 1929 875 1984 nisi
892 1929 962 1984 haec
980 1929 1229 2000 adscripta-habet
1248 1929 1337 1999 ‘Aput
1354 1929 1438 1984 Fron-

294 2021 395 2074 ciccum
421 2021 451 2074 et
472 2018 639 2073 Michaelem
662 2017 763 2072 fratres
786 2018 820 2071 de
844 2017 1024 2072 Tramaricio,
1066 2017 1135 2072 Cum
1163 2016 1311 2088 privilegio
1338 2017 1439 2072 summi

293 2109 372 2163 Pont.
391 2108 436 2162 Pii
454 2107 479 2161 V
502 2111 532 2162 et
555 2105 673 2160 Senatus
692 2105 794 2160 Veneti
817 2106 854 2161 ad
877 2105 1063 2175 decenninm’,
1094 2109 1240 2176 praeterea
1262 2124 1297 2160 ne
1320 2107 1438 2160 eandem

292 2197 407 2265 quidem
429 2212 543 2249 manum
565 2193 679 2249 artificis
703 2194 820 2264 prodere
844 2194 965 2249 Braunio
989 2196 1050 2249 visa
1073 2199 1124 2250 est.
1151 2225 1184 2234 —
1214 2197 1244 2248 ln
1273 2195 1329 2248 suis
1353 2193 1440 2264 igitur

294 2283 530 2340 ‘Commentariis’
551 2283 621 2353 illis,
650 2301 719 2352 quos
745 2283 847 2338 ‘Fastis
872 2287 902 2338 st
921 2284 1070 2354 triumphis
1088 2283 1180 2339 Rom’
1202 2283 1257 2337 iam
1277 2299 1350 2336 anno
1370 2288 1437 2336 lbb‘l

294 2375 417 2430 Venetiis
436 2391 453 2428 a
471 2391 500 2428 se
520 2374 660 2443 evulgatis
678 2372 830 2428 Panrinius
847 2373 974 2443 proximo
992 2391 1065 2428 auno
1084 2371 1195 2442 adiecit,
1215 2389 1278 2426 cum
1297 2373 1332 2426 ds
1351 2371 1438 2425 Duilii

292 2465 374 2518 rebus
399 2463 485 2533 gestis
509 2465 538 2516 et
555 2462 705 2518 honoribus
730 2480 791 2516 omn
811 2461 931 2516 aliomrn
953 2464 1013 2516 tum
1033 2461 1173 2532 Eutropii,
1201 2460 1304 2528 Orosii,
1332 2459 1438 2516 Valerii

293 2551 417 2621 Maximi,
437 2551 530 2618 Plinii,
549 2551 651 2616 Taciti,
670 2551 792 2606 auctoris
811 2551 846 2604 de
864 2550 932 2606 viris
950 2551 1113 2619 illustribus,
1133 2549 1259 2605 Frontini
1277 2548 1439 2604 testimonia

293 2640 538 2697 commemorasset
566 2637 731 2708 simpliciter
759 2641 796 2709 (p.
816 2645 868 2694 343
892 2641 934 2695 ed.
949 2641 1112 2710 heidelb),
1144 2639 1173 2694 in
1197 2637 1438 2694 Tramezninorum

292 2731 404 2785 domum
423 2729 509 2784 solius
529 2727 698 2797 ‘Triumphi'
719 2727 841 2784 editione
860 2729 940 2806 haec,
952 2732 1126 2784 accesserunt
1148 2745 1219 2797 quae
1238 2728 1311 2782 inira
1329 2726 1438 2796 scripsi·

293 2835 366 2872 mus:
398 2817 509 2870 ‘Duilio
534 2821 624 2870 antem
651 2817 684 2870 ob
706 2817 832 2870 navatem
853 2819 925 2872 lianc
949 2820 1092 2874 uictoriam
1114 2823 1208 2871 statua
1230 2833 1291 2871 cion
1314 2818 1438 2871 colurnna

292 2912 413 2960 rostmta
437 2907 470 2958 in
493 2904 570 2959 Foro
598 2903 724 2958 Romano
755 2907 861 2960 decreta
892 2907 963 2974 fait,
995 2909 1075 2961 caius
1101 2907 1222 2960 nrenrinit
1250 2905 1364 2960 Plinius
1391 2905 1437 2960 lib.

277 2993 455 3062 ‚XXXIII
475 3009 535 3062 cap.
556 2995 577 3046 I
599 2999 624 3048 et
648 2993 840 3064 Qniritilianua
862 2995 907 3050 lib.
929 2996 950 3048 I
971 3011 1031 3063 cap.
1056 2996 1089 3048 dc
1114 2994 1323 3064 Orttcprapliia.
1364 2993 1438 3046 Eine

293 3089 381 3137 animm
400 3083 461 3136 basi
485 3083 629 3151 inscriptio
653 3083 769 3152 antiqua
791 3083 842 3136 illa
863 3084 1000 3138 emiteridi
1022 3086 1129 3138 ratione
1146 3084 1236 3138 inorsa
1258 3089 1329 3148 erat,
1355 3099 1437 3152 quam

292 3172 479 3240 arpa-tortosa
497 3171 581 3224 annis
598 3172 629 3224 in
649 3168 815 3238 Capitolinis
833 3173 910 3226 artis
927 3173 1019 3227 ruinis
1038 3179 1184 3242 repertam,
1207 3177 1341 3242 quantam
1359 3172 1438 3226 licuit

293 3279 327 3315 er
344 3261 506 3314 anactoritatc
522 3265 640 3314 oacrum
657 3261 821 3328 scriptorum
839 3261 874 3314 ab
893 3261 1015 3316 Antonia
1030 3263 1187 3331 Arpastino
1202 3250 1340 3315 ilerdensi
1353 3259 1436 3328 Epis-

294 3365 368 3419 copo,
388 3348 486 3404 Oarolc
500 3347 623 3417 Sinonia,
641 3353 665 3402 ct
679 3347 783 3402 Falcio
799 3349 897 3404 Vrsino
916 3351 1081 3420 suppletam,
1100 3367 1150 3404 noe
1167 3351 1211 3404 tic
1229 3349 1437 3418 imprimendam

294 3439 469 3496 curavimus!
501 3436 623 3502 Quorum
638 3441 762 3492 extrema
776 3437 815 3492 sic
829 3441 895 3494 sunt
908 3439 1005 3494 Italics
1020 3455 1099 3494 versa
1116 3439 1145 3494 in
1162 3439 1284 3494 editione
1302 3438 1435 3509 gemella:

294 3535 318 3584 et
335 3531 409 3584 ncta
427 3530 490 3582 bose
507 3529 595 3582 ‹t'eeea
617 3532 711 3582 statua
729 3545 776 3582 era
794 3529 944 3598 intcyliata
964 3545 1022 3584 arra
1040 3529 1190 3583 iscrittione
1208 3543 1259 3582 con
1277 3529 1338 3596 part
1359 3527 1437 3580 modo

294 3619 385 3673 antico
403 3617 529 3671 Rornano
548 3617 722 3682 discribere,
746 3617 773 3670 la
792 3618 871 3686 ande
888 3619 921 3684 sa
940 3619 1075 3674 ritrccatc
1096 3620 1133 3688 pt'
1154 3619 1223 3672 cneii
1238 3618 1346 3687 passati
1370 3616 1437 3670 icelle

218 3765 223 3778 ,
293 3709 387 3762 racina
409 3707 452 3760 dcl
476 3705 662 3778 Oanipictoytio
684 3706 715 3759 di
738 3705 827 3760 Roma
850 3711 874 3760 et
898 3707 1042 3762 tattiano
1065 3709 1113 3776 qai
1135 3711 1273 3776 stampato
1294 3707 1316 3759 il
1341 3705 1436 3772 irreptio

294 3797 340 3851 cte
356 3797 383 3850 si
399 3797 413 3848 ἑ
427 3799 524 3864 potato
542 3811 593 3848 con
611 3795 754 3849 t’autcritri
772 3796 837 3849 (tolli
851 3795 957 3850 antichi
968 3798 1091 3851 scrittori
1104 3801 1128 3850 ct
1141 3797 1217 3850 studi
1230 3795 1261 3850 di
1271 3794 1436 3862 Marniqnor

294 3886 451 3954 Anprrstino
470 3883 584 3937 Vcscoco
607 3885 638 3937 cli
655 3883 773 3952 erida,
802 3885 832 3938 di
859 3885 901 3938 M.
922 3884 1003 3940 Oorlo
1027 3885 1142 3954 Sicanio
1167 3891 1192 3940 et
1216 3886 1247 3938 as·
1271 3884 1315 3937 Μ.
1334 3881 1435 3936 Fulvio

296 3975 405 4042 (iraino,
422 3973 573 4042 supplendo
587 3973 609 4026 il
622 3979 808 4028 mancamcnta
822 3980 968 4043 apportato
982 3975 1052 4030 datii
1070 3976 1209 4043 1130111.-
1225 3971 1330 4038 Quodsi
1348 3970 1384 4023 ab
1403 3985 1435 4024 eo

294 4062 446 4133 exemplari
465 4061 597 4116 editionis
610 4061 724 4129 latinae,
744 4080 799 4130 quo
818 4064 898 4118 nobis
914 4065 955 4120 uti
973 4064 1055 4119 licuit
1074 4064 1159 4133 (quod
1178 4065 1222 4117 est
1241 4059 1434 4131 bybliothecae

294 4152 388 4222 regiae
410 4150 608 4217 Monacensis),
637 4149 728 4204 minor
750 4150 847 4206 tabula
870 4153 1027 4208 columnam
1053 4155 1200 4208 rostratam
1226 4149 1435 4220 repraesentans

294 4241 511 4311 prorsusabest,
535 4238 617 4293 facile
635 4238 811 4308 intellegitur
828 4241 857 4294 id
877 4243 929 4296 soli
948 4242 1025 4297 casui
1042 4241 1220 4302 tribuendum
1240 4255 1307 4294 esse.
1345 4235 1435 4290 Aitins

295 4330 435 4398 estquod
459 4329 555 4384 eadem
581 4329 681 4383 tabula
704 4327 790 4382 ctiam
813 4329 939 4386 Parisino
962 4331 1047 4386 editio
1074 4330 1139 4386 anni
1160 4334 1237 4394 1601,
1266 4328 1435 4396 qnantume

295 4418 433 4472 Bonnensi
451 4417 604 4486 exemplari
623 4416 745 4472 iudicare
763 4416 843 4487 licet,
862 4421 946 4474 caret.
977 4419 1019 4475 De
1039 4419 1164 4473 Romana
1183 4415 1249 4471 anni
1270 4421 1338 4472 1618
1357 4414 1437 4470 uobis

294 4525 349 4560 non
368 4509 484 4574 constat,
503 4509 535 4560 ut
554 4523 637 4574 quam
656 4507 778 4561 nondum
798 4507 884 4563 oculis
905 4507 1062 4564 viderimus.
1123 4515 1135 4534 ⁰
