3166 5084
845 1081 898 1162 ll.

462 1251 513 1333 Dc
541 1251 745 1354 Pomponii
773 1251 930 1336 Bossuli
958 1253 1279 1358 opimandae)

632 1413 719 1500 (oum
742 1416 856 1480 tabula
878 1412 1112 1502 lithographa).

821 1597 926 1604 ..α-

248 1735 285 1776 111
391 1716 578 1804 Singulares
607 1719 773 1785 cautiones
802 1723 931 1784 constat
958 1723 990 1786 et
1016 1721 1175 1786 lubricam
1204 1742 1300 1804 saepe
1326 1725 1448 1785 tracta-

279 1825 422 1904 tionem
445 1825 566 1889 habere
589 1825 744 1890 litteratis
767 1825 928 1910 lapidibus
958 1825 1137 1890 adhibitam
1166 1831 1268 1892 artem
1292 1827 1449 1892 criticam.

301 1930 391 2006 Quae
421 1935 586 1996 cautiones
615 1953 687 1997 eum
715 1933 827 1996 multis
855 1933 1004 2016 partibus
1033 1933 1273 2019 contineantur,
1304 1939 1376 1999 tum
1409 1934 1447 1998 sul

300 2037 553 2121 supplendorum
580 2039 767 2102 lacunarum
801 2061 946 2123 operam,
975 2039 1081 2124 siqui
1109 2039 1234 2123 lapides
1262 2041 1314 2106 vel
1338 2040 1448 2106 mutili

300 2143 483 2208 exstiterint
506 2145 557 2210 vel
582 2143 692 2209 detriti
715 2145 767 2208 vel
790 2145 853 2209 alio
874 2145 969 2210 modo
989 2147 1146 2232 corrupti,
1169 2148 1334 2231 pertinent
1355 2168 1447 2232 prae-

299 2253 350 2314 ter
373 2254 487 2315 cetera.
523 2250 561 2314 In
581 2273 644 2334 quo
664 2271 779 2336 genere
799 2251 1000 2316 coniectandi
1019 2252 1115 2317 fidem
1134 2259 1306 2338 apparete
1325 2255 1447 2339 spatio·

300 2379 370 2420 rum
384 2359 512 2423 ratione
527 2357 701 2442 diligenter
720 2357 893 2422 observata
910 2357 1166 2444 litterarumque,
1183 2383 1264 2444 quae
1278 2361 1330 2425 vel
1349 2362 1448 2426 inter·

300 2463 436 2529 cidorint
458 2465 509 2529 vel
534 2464 736 2549 evanuerint,
760 2469 848 2529 recte
872 2463 1003 2530 definito
1027 2488 1162 2532 numero
1187 2467 1346 2552 imprimis
1369 2489 1446 2551 pen·

299 2571 386 2637 dere:
415 2572 509 2657 idque
533 2575 626 2637 tanto
651 2571 716 2636 fere
740 2572 847 2656 magis
874 2594 971 2656 quam
999 2573 1033 2636 in
1061 2574 1323 2639 membranarum
1354 2573 1446 2638 char-

254 2717 257 2726 ·
298 2683 446 2745 tarumve
482 2681 620 2764 lacunis,
662 2685 783 2766 quanto
820 2679 972 2764 propiore
1009 2681 1181 2746 intervallo
1223 2683 1263 2746 ab
1301 2681 1443 2764 ipsorum

299 2787 494 2869 scriptorum
526 2811 624 2852 manu
656 2787 801 2872 lapidum
834 2809 931 2870 qnam
964 2787 1106 2853 codicum
1142 2789 1299 2854 memoria
1331 2789 1445 2854 abesse

300 2894 383 2957 solet
406 2897 590 2978 quantoque
611 2893 733 2958 maiore
757 2915 829 2957 oum
853 2914 938 2976 cura,
960 2915 1025 2959 non
1047 2895 1152 2960 dicam
1172 2919 1306 2980 semper,
1326 2899 1361 2962 at
1379 2897 1444 2979 ple-

299 3021 433 3085 rumque
457 3001 584 3084 scalpro
608 3001 727 3065 incisas
752 3021 848 3084 quam
871 2999 996 3066 calamo
1023 3007 1172 3068 exaratas
1196 3003 1322 3068 litteras
1345 3001 1444 3066 habe·
1565 3027 1566 3054 r

299 3129 380 3170 mus.
424 3105 538 3191 Itaque
571 3129 644 3172 cum
677 3107 711 3171 in
743 3107 917 3192 praecipua
944 3107 1043 3173 officii
1071 3113 1178 3194 parte,
1211 3111 1265 3196 qui
1293 3111 1326 3174 in
1356 3113 1444 3173 tran-

299 3213 475 3278 scribendis
500 3213 685 3299 epigraphis
708 3214 848 3298 peritam
872 3236 1005 3298 operam
1028 3221 1233 3300 consumunt,
1257 3217 1326 3281 iure
1351 3216 1443 3280 meri·
1565 3275 1566 3320 ,

298 3323 396 3404 toque
425 3325 610 3385 accuratam
638 3319 884 3386 intervallorum
914 3321 1115 3386 notationem
1143 3322 1299 3408 habeant,
1330 3326 1440 3388 tamen

298 3426 348 3489 vel
372 3427 419 3491 sio
441 3427 537 3493 facile
560 3451 619 3494 nec
641 3449 715 3492 raro
736 3426 853 3492 accidit
871 3429 989 3491 utnon
1007 3427 1114 3492 nullus
1134 3427 1331 3494 dubitationi
1352 3429 1441 3493 locus
1565 3459 1566 3490 l

297 3533 507 3619 relinquatur.
542 3533 632 3601 Solet
654 3539 760 3600 autem
785 3533 848 3598 hoc
871 3555 1056 3625 communes
1078 3557 1150 3599 oum
1170 3535 1215 3599 eis
1235 3535 1443 3602 dubitationi·
1565 3559 1566 3580 ¹

296 3639 357 3704 bus
382 3661 514 3708 caussas
537 3641 671 3721 habere,
704 3663 785 3726 quae
814 3639 854 3704 ad
882 3641 1009 3705 litteras
1035 3663 1102 3705 non
1126 3642 1257 3708 omnino
1281 3641 1443 3726 evanidas,
1565 3661 1566 3700 l

298 3746 353 3812 sed
377 3747 565 3814 obscuratas
588 3749 803 3833 tenuibusque
826 3748 972 3832 vestigiis
996 3747 1167 3831 pristinam
1188 3749 1327 3815 formam
1351 3771 1442 3814 suam

298 3853 478 3938 operientes
507 3857 613 3942 magis
637 3879 734 3940 quam
765 3855 944 3940 aperientes
973 3858 1130 3938 spectant.
1171 3855 1257 3922 Nam
1280 3861 1313 3922 et
1336 3857 1442 3942 negle·
1565 3845 1566 3882 l

298 3966 417 4044 guntur
440 3985 536 4048 saepe
560 3967 597 4029 ut
618 3962 809 4047 levidensis,
838 3983 918 4046 qnae
946 3961 1048 4026 futuri
1077 3962 1180 4026 critici
1209 3963 1289 4028 scire
1313 3964 1443 4028 intersit
1565 3947 1566 3952 ἵ

297 4073 334 4131 ut
357 4069 442 4153 quod
465 4071 617 4156 maxime,
649 4073 681 4134 et
708 4069 818 4134 fallaci
847 4067 1041 4133 confidentia
1069 4091 1128 4152 pro
1157 4070 1254 4135 certis
1280 4070 1442 4136 habentur
1565 4063 1566 4140 J

297 4174 347 4238 vel
372 4180 532 4244 certorum
556 4177 725 4264 similibus,
749 4197 830 4260 quae
855 4179 969 4260 suapte
993 4180 1109 4240 natura
1131 4198 1263 4259 prorsus
1288 4177 1441 4261 ambigua
1565 4239 1566 4254 ,

366 4424 393 4493 *)
413 4425 603 4495 [Prooemium
626 4424 728 4481 Indicis
751 4423 910 4478 scholarum
938 4422 1116 4477 hibernarum
1142 4423 1329 4480 Bonnensinm
1355 4441 1439 4480 anno·

296 4531 356 4570 rum
376 4513 638 4570 clolocccxnvn
657 4518 686 4568 et
703 4513 790 4584 Vlll.]
