3116 5066
670 1179 738 1261 Vl.

242 1351 294 1435 De
322 1351 445 1434 titolo
473 1351 677 1435 columnae
705 1353 899 1436 rostratae
928 1355 1159 1440 Duellionae

460 1511 583 1580 (accedit
599 1511 698 1567 tabula
715 1511 945 1583 lithographa*)).

431 1821 457 1892 Ι.
496 1819 770 1894 Commentatio
798 1821 910 1916 prior.
918 1823 970 1916 **)

216 1995 254 2060 In
273 1996 471 2062 venerandae
486 1998 659 2062 vetustatis
678 1999 896 2064 monumentis
915 1998 1029 2063 haberi
1048 1998 1144 2063 solite
1160 1998 1300 2062 tabulae

126 2103 185 2169 illa
217 2125 413 2189 marmorea,
445 2127 541 2189 quam
570 2107 696 2189 partem
725 2125 795 2168 asae
822 2103 957 2169 credunt
984 2105 1182 2170 columnae
1213 2127 1272 2168 ro-

127 2215 275 2276 stratae
295 2208 499 2275 corallio
523 2209 661 2294 positae,
683 2210 811 2294 qnando
836 2215 868 2274 et
886 2211 940 2276 ubi
960 2212 1160 2296 reparantia,
1183 2215 1272 2277 certo

126 2317 343 2403 loeupletique
366 2316 554 2382 testimonio
574 2339 655 2382 nans
675 2317 813 2384 Annvs
837 2317 1054 2384 Manvrrvs
1077 2340 1178 2402 nepos
1199 2341 1270 2402 pro-

126 2424 216 2490 didit.
261 2425 293 2488 Is
322 2425 408 2489 enirn
436 2423 504 2488 eiua
536 2423 668 2488 tabulae
696 2425 806 2508 titulo,
844 2447 939 2510 quem
971 2425 1093 2508 primns
1126 2425 1270 2490 omnium

127 2533 274 2618 vulgavit
301 2532 334 2598 in
364 2530 638 2617 ‘Orthographiae
666 2531 815 2596 rationis'
835 2532 993 2630 'pleniore
1021 2531 1161 2597 editione
1190 2553 1271 2616 quae

212 2797 238 2865 ¹⁸)
258 2795 410 2867 [Tabulam
430 2795 481 2849 VII
499 2811 555 2850 non
573 2796 660 2850 talem
685 2795 860 2851 exhibuimus
878 2795 989 2864 qnmem
1008 2794 1178 2850 Ritacheliua
1198 2811 1270 2850 com-

127 2885 290 2942 mentationi
313 2883 398 2954 priori
418 2883 554 2954 adiunxit,
579 2886 661 2940 aede
686 2902 823 2940 marmora
842 2885 931 2940 denno
950 2885 1075 2956 inspecto
1094 2883 1270 2940 emendatam

127 2979 154 3030 et
171 2976 276 3032 editam
295 2976 325 3029 P.
347 2976 376 3030 L.
395 2975 431 3030 M.
451 2975 482 3030 E.
502 2976 560 3031 tab.
580 2975 661 3030 XCV.
689 2975 815 3030 Eandem
834 2975 985 3046 imaginem
1004 2975 1059 3031 iarn
1080 2977 1269 3044 repraesenta·

126 3067 203 3120 verat
224 3063 397 3119 Ritaehelins
419 3064 449 3118 in
472 3064 571 3119 tabula
593 3064 770 3135 xylographa
793 3064 1023 3132 commentationi
1051 3064 1133 3119 alteri
1161 3064 1270 3119 adnexa

127 3156 223 3224 (ecque
236 3154 342 3209 iterata
361 3153 390 3207 in
409 3153 503 3208 Enarr.
519 3173 545 3224 p.
557 3159 600 3208 85.
615 3155 668 3222 86),
693 3153 721 3207 in
740 3171 797 3222 qna
812 3156 956 3223 praeterea
973 3153 1170 3225 supplementa
1184 3153 1270 3208 totins

126 3241 320 3313 inscriptionis,
345 3242 441 3312 qualia
459 3241 513 3312 ipri
532 3242 688 3297 necessaria
707 3241 768 3297 rica
785 3243 857 3310 aunt,
877 3241 1006 3296 addenda
1024 3241 1139 3296 curarit.
1177 3241 1269 3295 Minna

126 3331 209 3401 igitur
226 3335 303 3386 recte
322 3331 435 3402 eeripait
452 3331 599 3385 Hennenaa
617 3329 646 3384 irr
662 3329 690 3386 O.
701 3330 720 3384 I.
733 3331 762 3385 L.
779 3330 850 3398 VI‚1
876 3349 902 3400 p.
919 3335 984 3384 285:
1005 3330 1169 3400 ‘imaginem
1184 3331 1267 3385 litho-

127 3423 259 3490 grapham
278 3420 359 3476 dedit
375 3420 485 3475 Ritachl
504 3419 533 3473 in
552 3421 760 3490 programmate
779 3418 970 3474 universitatis
985 3418 1138 3474 Bonnenaia
1157 3437 1181 3474 a.
1199 3424 1267 3474 laea

128 3512 155 3562 et
172 3510 199 3565 P.
214 3511 245 3565 L.
261 3510 297 3566 M.
317 3510 375 3564 tab.
395 3508 477 3578 XCV,
497 3509 675 3564 emendatam
697 3510 763 3578 poet
785 3508 942 3578 inspectum
964 3525 982 3562 a
999 3506 1121 3562 Bruanio
1145 3508 1268 3578 lapidem

127 3595 223 3652 iterum
252 3597 281 3651 in
309 3598 517 3668 programmate
546 3595 734 3651 universitatis
767 3596 888 3652 eiusdem
921 3613 946 3651 a.
973 3601 1038 3651 1861
1068 3599 1097 3652 et
1124 3597 1153 3654 P.
1177 3598 1207 3652 L.
1230 3597 1267 3651 Μ.

128 3702 152 3752 p.
170 3689 210 3740 85.
230 3684 285 3740 863
326 3683 354 3741 Ο.
370 3684 427 3754 W.]

193 3775 234 3845 ⁸¹⁸)
254 3775 449 3845 [Programma
462 3773 653 3830 academicum
667 3774 812 3829 Romanae
827 3791 850 3829 a.
869 3781 935 3829 1852
956 3774 994 3828 ‘N
996 3774 1110 3830 atalicia
1124 3775 1268 3845 Angustis-

127 3862 187 3918 aimi
204 3865 278 3936 regis
291 3862 427 3918 Friderici
442 3863 574 3919 Guilelmi
594 3865 645 3918 1111
665 3906 707 3920 ...
727 3862 773 3918 die
787 3863 838 3918 XV
853 3883 889 3919 m.
901 3863 1010 3920 Octobr.
1022 3882 1047 3920 a.
1058 3861 1267 3920 elolocccan

128 3953 345 4009 concelebranda
358 3953 459 4009 indicit
472 3955 502 4010 F.
516 3955 561 4010 R!
578 3954 757 4026 singulariter
771 3954 810 4010 ric
824 3953 1002 4024 inscriptumr
1024 3953 1181 4023 ‘Inscriptio
1196 3969 1267 4021 qnae

127 4039 209 4097 fertur
237 4043 383 4098 columnae
405 4046 543 4100 rostratae
566 4043 738 4100 Duellianae.
773 4043 808 4098 ad
836 4043 919 4098 fidem
947 4042 1092 4097 marmorio
1115 4041 1267 4111 Capitolini
1382 4109 1387 4116 .

127 4133 250 4202 exemplo
268 4132 448 4204 lithographo
468 4133 676 4203 exprimendam
696 4133 804 4188 coeravit
822 4133 852 4187 F.
872 4131 1061 4187 menoetius!
1094 4130 1267 4200 Bibliopolae

128 4217 295 4276 Berolinenai
313 4223 345 4278 G.
365 4221 525 4277 Traotwein
549 4223 684 4278 nuditum
704 4223 732 4276 in
751 4221 895 4292 publicum
914 4219 1021 4290 prodiit
1043 4219 1146 4275 additia
1165 4219 1194 4273 in
1213 4219 1266 4274 fine

128 4307 312 4380 inscriptionis
331 4311 374 4366 hie
394 4311 499 4368 verbir:
521 4311 642 4367 ‘accedit
661 4309 854 4367 commentarii
873 4327 937 4379 para
952 4309 984 4365 1!
1019 4309 1090 4364 Vide
1109 4326 1182 4364 nnnc
1201 4308 1266 4364 (1.1.

128 4397 156 4539 ἓ.
169 4401 229 4560 {vr}
245 4407 310 4469 l95;
328 4401 376 4470 VI,
397 4408 410 4454 1
430 4420 456 4456 n.
474 4407 556 4467 130ος
582 4401 613 4456 Ρ.
632 4402 662 4455 L.
682 4401 718 4455 M.
738 4401 769 4456 E.
788 4399 846 4454 tab.
862 4397 934 4454 XCV
954 4401 983 4454 et
1002 4398 1096 4453 Enarr.
1115 4415 1142 4470 p.
1158 4403 1192 4454 82
1207 4415 1266 4467 sqq.
