3216 5082
302 338 368 402 474
413 356 460 403 na
484 355 750 406 occurreremus
775 357 921 418 qvuosu
944 357 1077 405 aarum
1100 355 1380 405 uacouorrroua.

582 563 589 580 ,
663 499 977 586 sulcamus

694 605 1034 697 cavoa-cau

695 713 968 782 ursarum
1072 723 1076 738 “

613 809 616 816 ’
693 823 778 890 urs
793 859 800 873 ·
814 821 1056 891 cvcrvcsu

692 931 809 998 nux·
864 984 872 1000 .
926 981 934 998 .
988 932 1039 997 u·

694 1038 804 1104 s-r·
836 1091 842 1104 .
876 1038 1021 1105 uuio

304 1397 375 1474 Quo
398 1397 482 1481 ipsc,
511 1398 659 1482 quamvis
687 1395 755 1460 illic
782 1396 919 1461 miratus
949 1397 1065 1462 miram
1090 1397 1214 1462 scilicet
1236 1399 1382 1463 nominis
1406 1398 1458 1462 in-

303 1505 489 1588 solentiam,
515 1526 600 1569 nune
624 1504 805 1568 Romanum
830 1501 943 1568 Orellii
965 1528 996 1569 n.
1018 1503 1103 1570 1658
1128 1504 1230 1585 addit,
1252 1503 1287 1570 in
1309 1526 1374 1588 quo
1399 1503 1455 1568 D·

302 1603 477 1678 POBLICI
492 1647 498 1660 ·
513 1603 685 1677 BARNAI
709 1610 866 1695 seriptum
890 1632 960 1676 csse
982 1611 1100 1678 Rossio
1123 1617 1255 1677 auctore
1277 1609 1456 1676 Henzcnus

302 1722 442 1785 testatur
464 1719 527 1784 vol.
546 1717 596 1784 III
620 1739 650 1802 p.
669 1717 732 1783 501
760 1714 808 1799 [G.
823 1715 848 1782 I.
863 1715 897 1782 L.
912 1715 974 1801 VI,
996 1720 1011 1782 1
1035 1740 1067 1782 n.
1081 1719 1170 1802 446],
1194 1717 1224 1783 b.
1244 1741 1270 1783 c.
1289 1716 1455 1784 Barnea.

183 1891 187 1902 ,
303 1865 345 1874 -
369 1825 418 1892 De
441 1826 513 1910 ipsa
536 1829 658 1908 autem,
685 1845 705 1888 a
728 1846 791 1908 qua
815 1824 919 1889 omnis
947 1823 1027 1890 haee
1051 1825 1229 1911 disputatio
1258 1829 1375 1890 nostra
1402 1849 1454 1891 or-

303 1934 461 2015 diebatur,
484 1932 695 2014 inscriptione
718 1931 802 1995 ollae
816 1929 980 2014 Lupianae
996 1929 1453 1997 ormam-orbare

303 2037 421 2106 NAES
451 2060 523 2103 cum
552 2037 713 2102 dubitatio
748 2041 860 2102 exorta
887 2043 974 2103 esset
1001 2042 1098 2124 atque
1126 2039 1207 2104 adeo
1234 2039 1452 2105 confidentius

304 2145 529 2211 adseveratum
547 2164 613 2209 non
632 2141 839 2208 BARNAES
859 2143 926 2210 illic
944 2145 1082 2210 incisum
1101 2167 1172 2211 esse
1191 2146 1247 2210 sed
1265 2145 1450 2213 BARNAE

302 2255 444 2317 tantum:
472 2249 616 2316 Henzani
639 2252 768 2316 demum
792 2253 886 2317 testis
910 2251 1031 2337 oculati
1053 2252 1244 2318 testimonio
1268 2253 1450 2320 certissimo

304 2360 454 2426 affectum
477 2361 587 2425 estut
610 2357 632 2424 S
656 2357 786 2422 litterae
809 2359 920 2442 paullo
944 2359 1073 2425 tenuius
1093 2381 1179 2444 sane,
1203 2359 1259 2425 aed
1282 2361 1368 2425 idem
1390 2361 1451 2426 mi-

303 2468 390 2532 nime
418 2467 551 2532 dubium
581 2465 755 2552 vestigium
787 2466 935 2531 relictum
963 2487 1032 2530 esse
1060 2466 1208 2531 sciamus.
1255 2466 1325 2543 Quo
1353 2468 1392 2533 fit
1414 2472 1453 2534 ut

302 2597 506 2662 nequaquam
532 2574 628 2639 nobis
656 2577 823 2657 tamquam
852 2594 869 2637 e
892 2573 1041 2638 manibus
1070 2572 1219 2638 elabatur
1245 2573 1308 2639 hoc
1330 2575 1450 2640 veteris

304 2682 532 2749 declinationis
557 2681 748 2765 exemplum.
756 2679 787 2756 *l

391 2775 626 2854 raccaredus
649 2787 864 2854 MENATES
887 2787 1006 2870 forma,
1033 2808 1130 2871 quam
1154 2786 1369 2854 MINATIVS
1393 2811 1451 2854 no·

304 2897 401 2961 minis
429 2895 584 2960 vicariam
615 2895 847 2978 interpretatus
879 2916 951 2958 sum
978 2916 1008 2977 p.
1031 2894 1071 2958 16
1092 2894 1200 2976 [460],
1230 2894 1450 2961 dubitationes
1582 2945 1583 2956 .

304 3024 379 3067 suas
401 3001 521 3066 litteris
543 3000 786 3065 humanissimis
805 2999 1025 3064 Mommsenus
1051 2999 1257 3086 significavit.
1293 2999 1451 3078 Quemad-

305 3109 436 3174 modum
461 3107 546 3172 enim
569 3105 774 3171 Maecenas
799 3103 963 3170 Sufenas
987 3105 1139 3172 Adanas
1162 3108 1297 3173 nomina
1316 3105 1450 3194 (quibua

305 3237 437 3300 prorsus
477 3214 589 3280 affinia
624 3213 786 3281 Larinas
822 3213 1006 3300 Felg'inas
1043 3214 1229 3300 Fulginas
1266 3212 1450 3281 Sentinas

305 3322 480 3407 Surinas,
525 3323 605 3388 item
645 3319 834 3406 Melanos,
879 3320 1037 3386 Aemilius
1074 3319 1268 3386 Huebnarus
1313 3323 1450 3390 sociavit

305 3433 435 3508 Quaest.
458 3431 632 3496 onomatol.
655 3453 686 3514 p.
703 3427 758 3517 18)
782 3433 908 3496 constet
931 3428 1102 3518 gentilium
1125 3432 1275 3493 naturam
1300 3433 1333 3494 et
1355 3453 1448 3495 usum

303 3539 472 3623 recepisse,
495 3539 542 3603 ita
564 3538 646 3603 nihil
670 3539 800 3603 obstare
823 3535 925 3601 videri
950 3535 1120 3620 quominus
1143 3536 1240 3600 etiam
1261 3535 1391 3602 Menas
1415 3537 1449 3602 iu

304 3643 481 3732 gentilibus
508 3642 677 3727 habeatur,
692 3643 741 3707 -id
770 3649 878 3708 autern
906 3664 1026 3708 nomen
1053 3641 1087 3707 in
1109 3641 1207 3708 titulo
1232 3635 1448 3709 Garrucciano

305 3732 519 3837 antiquiorem
542 3749 715 3816 Menates
738 3751 770 3816 h.
789 3773 815 3816 e.
838 3750 1005 3816 Menatis
1028 3749 1166 3816 formam
1191 3749 1302 3816 eadem
1324 3751 1447 3816 ratione

303 4019 367 4074 ders
385 4017 510 4095 galesun,
530 4016 603 4071 obne
616 4017 680 4071 dass
700 4016 773 4072 dieas
787 4015 890 4086 jedocb
910 4016 1081 4072 danNaman
1095 4015 1294 4072 Baauuuvs
1308 4017 1443 4072 bartihrt!

304 4107 503 4163 Auctarium
522 4104 710 4160 Ritrchelii
729 4105 836 4160 Musei
854 4105 953 4160 Rhen.
973 4108 994 4160 t.
1013 4105 1077 4160 XVI
1096 4107 1188 4172 (1861)
1207 4125 1234 4176 p.
1250 4111 1309 4160 640.

393 4215 418 4282 *)
448 4213 500 4285 [cf.
531 4213 562 4267 P.
585 4212 617 4266 1..
640 4211 677 4266 M.
701 4211 734 4264 Ε.
762 4211 858 4282 Suppl.
888 4229 974 4268 enarr.
1004 4230 1031 4281 p.
1052 4218 1116 4280 102,
1148 4211 1197 4266 ubi
1225 4213 1293 4266 item
1320 4215 1446 4269 narratur

304 4303 428 4358 Henzcni
449 4300 612 4357 testimonio
636 4302 763 4355 constare
784 4300 876 4356 ‘extra
898 4301 1102 4357 dubitationem
1126 4317 1186 4357 essa
1209 4301 1377 4357 BARNAES
1400 4305 1444 4368 (an

305 4391 504 4460 seruasse)
533 4389 714 4460 scripturam,
741 4389 838 4446 littera
859 4389 961 4446 ultima
983 4390 1140 4461 paullulum
1167 4406 1234 4446 sanc
1257 4391 1445 4460 evanescente,

304 4477 353 4535 sed
372 4478 470 4533 eadam
488 4478 602 4534 minime
621 4479 774 4548 ambigua!
813 4478 842 4534 C.
858 4479 915 4549 W.)
