3116 5066
491 387 639 436 rmvnvs
664 383 868 434 supremas.
1183 367 1246 432 175

118 521 275 590 incertis
303 526 505 592 documentis
528 529 738 612 intellegitur.
776 526 823 591 Ac
849 545 961 608 mpero
982 523 1089 586 tribua
1113 523 1246 607 syllabis
1344 567 1347 574 .

118 635 235 696 cousmt
256 637 289 698 et
311 632 498 700 Lucretium
516 635 670 700 extulisse
689 634 745 718 IV,
769 634 834 698 674
853 629 957 718 (672),
975 629 1015 714 V,
1041 629 1123 694 1407
1149 633 1182 694 et
1203 627 1246 694 M.

117 735 247 804 lbllinm
278 739 313 804 in
345 740 476 806 Arateis
509 763 529 806 a
561 745 664 806 semet
692 741 828 825 prolatis
860 739 899 804 de
930 741 997 803 nat.
1030 736 1115 803 deor.
1139 736 1180 820 11,
1203 737 1247 801 42

116 865 185 927 aque
218 845 384 912 Prisciano
413 845 491 912 XIV
518 869 548 932 p.
575 849 642 914 980
670 851 704 912 et
731 847 825 912 1001.
875 843 937 908 Sed
969 847 1045 909 ante
1076 848 1247 928 utrumque

115 951 260 1034 scriptum
278 957 329 1016 est
347 952 435 1018 Rue
446 988 453 1002 ·
464 952 582 1018 FVIT·
596 953 654 1018 Eu
665 987 672 1002 ·
683 949 1247 1028 vulzorum-svesamm-

115 1054 251 1122 plaut*
254 1059 275 1122 S
295 1059 329 1124 in
343 1061 489 1124 versibus
501 1060 661 1145 elegiacis
681 1060 769 1145 cippi
787 1058 924 1123 Romani
943 1056 1029 1141 apud
1044 1055 1246 1122 Fabrettium

17 1175 18 1202 ¹
115 1161 148 1240 l',
169 1165 233 1230 388
256 1188 286 1250 p.
310 1167 390 1250 421,
418 1165 591 1232 Gruterum
618 1190 648 1252 p.
676 1167 774 1250 1046,
802 1167 835 1250 6,
862 1163 1075 1229 Muratorium
1098 1187 1128 1248 p.
1154 1164 1247 1249 1522,

115 1269 310 1352 216111.
338 1273 409 1338 ln.
440 1275 549 1356 10111.
595 1273 668 1340 Huc
695 1275 795 1360 igitur
824 1271 992 1339 INFERA
1018 1271 1100 1336 illud
1127 1271 1247 1336 Aletri-

16 1432 17 1436 ,
114 1379 190 1444 uatis
222 1379 309 1444 tituli
342 1382 498 1464 pertinet,
530 1381 615 1467 quod
642 1381 708 1446 iam
736 1383 872 1466 apparet
900 1380 997 1446 simul
1025 1383 1058 1444 et
1086 1378 1247 1444 recentius

16 1483 17 1533 l
116 1505 178 1549 esse
205 1486 403 1570 antiquiore,
435 1491 468 1554 et
494 1487 658 1573 antiquius
686 1487 864 1554 recentiore
891 1487 978 1568 infra
1005 1485 1120 1552 forma.
1165 1483 1248 1552 Con·
1346 1469 1349 1476 ¹

16 1613 17 1669 3
114 1595 230 1658 stanter
251 1594 433 1659 molliorem
455 1594 595 1660 formam
613 1594 726 1680 lingua
744 1594 777 1658 in
795 1594 894 1659 altera
912 1593 1061 1677 servavit,
1084 1597 1118 1658 et
1136 1593 1247 1658 eadem

16 1785 17 1793 ,
114 1703 213 1766 tumen
239 1702 273 1766 in
299 1703 482 1768 adrinsecus
503 1703 711 1769 oltrouorsum
733 1702 904 1768 duriorem.
944 1701 1019 1767 Nisi
1041 1699 1127 1765 forte
1150 1700 1247 1764 etiem

17 1803 18 1830 ¹
114 1807 230 1892 auree,
252 1829 318 1874 non
340 1809 482 1894 alteritas,
505 1809 640 1896 Plautus
664 1809 795 1894 scripsit
817 1809 851 1873 in
875 1806 1021 1893 Captivis
1044 1829 1073 1872 r.
1097 1807 1163 1871 306
1188 1805 1249 1886 Qui

114 1915 246 1995 brperme
276 1915 452 2000 ι’πειιέναηι,
482 1935 565 1982 nunc
599 1917 711 1992 almus
736 1916 856 1998 inperio
884 1913 1028 1996 obsequor
1054 1913 1109 1996 [cf.
1132 1911 1248 1998 Opusc.

116 2018 175 2104 lp.
192 2023 265 2088 466.
288 2021 322 2087 II
345 2045 376 2108 p.
395 2023 460 2088 672
479 2045 526 2107 sq.
545 2024 610 2090 694
629 2025 706 2109 sq.]:
730 2046 825 2109 quem
848 2022 1043 2089 contrariam
1066 2021 1100 2086 in
1122 2025 1248 2108 partem

116 2127 227 2193 oderim
258 2151 316 2214 pro
345 2131 527 2196 altrinsecus
558 2131 657 2196 semel
691 2130 810 2196 dixisse
843 2130 963 2196 conieci
997 2128 1102 2194 Musei
1136 2129 1249 2215 philol.

117 2237 136 2297 t
161 2233 273 2322 VHp.
300 2239 367 2302 476
392 2239 448 2319 [=
473 2236 588 2322 Opusc.
619 2236 652 2302 Il
675 2260 705 2322 p.
729 2238 818 2320 4571.
863 2237 975 2302 Exteri
1005 2241 1038 2302 et
1065 2241 1152 2302 entra
1179 2236 1250 2302 sola

17 2394 19 2421 ,
119 2341 193 2424 quod
215 2343 316 2409 sciam
344 2365 421 2410 usus
448 2345 611 2428 probavit3
643 2364 703 2408 nec
731 2344 837 2429 magis
861 2345 911 2409 vel
938 2345 1048 2410 intrim
1074 2344 1126 2409 rel
1147 2345 1250 2409 intera

118 2429 203 2514 iniero
233 2451 324 2516 novi:
358 2453 392 2516 et
422 2454 531 2516 tamen
563 2451 598 2516 in
628 2451 726 2516 verbo
754 2451 854 2516 semel
881 2453 991 2517 inierat
1016 2451 1171 2536 seriptum
1199 2454 1250 2515 eat

118 2553 261 2642 inopere
289 2559 458 2624 tessellato
486 2559 664 2644 pavimenti
694 2557 894 2624 Invaviensis
921 2563 1005 2624 teste
1033 2558 1187 2624 Abelreno
1216 2557 1250 2623 in

17 2663 19 2729 2
120 2658 218 2730 Diario
250 2663 330 2730 lust.
359 2665 445 2731 areb.
477 2665 569 2732 Rom.
602 2691 630 2732 a.
666 2665 747 2731 1841
782 2688 812 2749 p.
843 2665 919 2730 125:
950 2662 1025 2729 HIC
1054 2661 1249 2730 ΗΑΒΙΤΑΤ

118 2763 277 2860 ([ἀὶοἰίω)ε
309 2771 436 2838 NIHIL
467 2771 661 2838 INTERET
693 2769 804 2838 MALI
857 2771 910 2853 [cf.
943 2770 978 2836 6.
1009 2771 1034 2836 Ι.
1066 2771 1101 2837 L.
1134 2771 1196 2854 III,
1229 2771 1250 2836 2

17 2876 18 2909 l
120 2896 146 2938 u.
167 2877 243 2944 5561
270 2879 604 2965 ceperianum.

198 2983 234 3050 ln
268 2986 321 3050 his
354 2985 569 3071 affinibusque
603 2985 900 3071 praepositionibus
932 3007 1063 3070 prorsus
1096 2986 1250 3052 usitatam

18 3125 19 3132 .
122 3090 196 3172 apud
223 3093 375 3158 Plautum
403 3113 580 3177 syncopam
607 3091 878 3176 quemadmodum
905 3091 990 3157 idern
1017 3095 1127 3158 tamen
1154 3098 1251 3178 poeta

122 3215 284 3283 numquam
307 3199 438 3265 admisit
465 3199 498 3264 in
520 3201 656 3281 dextera,
684 3199 746 3262 etsi
769 3199 1002 3264 denbmrormm
1025 3199 1120 3284 dixit,
1145 3199 1194 3265 ita
1216 3201 1250 3265 in
1264 3221 1312 3262 xn

122 3299 186 3366 aliis
211 3311 266 3372 aut
296 3306 466 3372 fluctuavit
496 3327 573 3371 usus
601 3309 658 3370 aut
685 3304 803 3370 fallunt
824 3305 958 3370 librarii.
1003 3305 1103 3372 Velut
1125 3328 1251 3391 semper

123 3431 192 3476 sane
216 3415 351 3480 columen
373 3412 509 3479 Plautus
537 3412 700 3496 distraxit,
728 3411 832 3496 quode
855 3411 940 3477 Prol.
963 3435 993 3496 p.
1015 3411 1105 3477 LXV
1127 3415 1251 3481 monui:

124 3523 156 3581 ut
187 3522 354 3604 pristinam
390 3521 505 3586 culmen
540 3519 679 3585 formam
718 3521 882 3605 excepisse
913 3521 1062 3605 columen,
1099 3519 1162 3587 hoc
1194 3523 1250 3588 ali-

124 3632 232 3708 quanto
253 3633 328 3714 post
349 3651 460 3694 rursus
482 3627 639 3694 transisse
666 3627 700 3691 in
728 3628 847 3692 misnen
873 3627 1067 3693 eredendum
1096 3627 1147 3693 sit.
1189 3611 1251 3694 Sed

125 3730 200 3797 idem
221 3737 279 3802 etsi
302 3757 429 3820 semper
452 3735 601 3817 balineas,
630 3753 792 3818 nusquam
815 3733 954 3812 Minoas,
981 3737 1092 3800 tamen
1112 3734 1251 3800 fortasse

125 3837 182 3902 iam
206 3843 315 3908 ascivit
338 3863 514 3927 syncopam
544 3841 577 3905 in
600 3839 764 3906 balneator.
810 3839 895 3905 Nam
918 3839 1000 3904 illud
1023 3841 1098 3905 libri
1120 3844 1253 3906 tuentur

127 3945 248 4032 seriens,
269 3949 359 4016 Asin.
382 3950 456 4014 367.
475 3947 572 4012 Mero
594 3946 620 4032 1,
643 3949 673 4030 2,
700 3949 748 4012 17.
770 3945 867 4010 Most
892 3947 965 4011 756.
987 3945 1075 4012 Pers.
1098 3946 1124 4030 I,
1146 3948 1177 4030 3,
1202 3949 1252 4011 10.

126 4049 288 4122 1111383.
310 4056 398 4122 'Irim
419 4056 500 4120 406:

196 4155 259 4228 ‘Ille
281 4165 316 4230 in
339 4162 486 4228 balineis
510 4163 643 4227 iturust:
667 4160 741 4227 iude
765 4161 828 4226 huo
850 4161 960 4226 ueniet
982 4163 1106 4244 pdstea.

198 4263 376 4357 Numquam
417 4270 530 4354 edepol
567 4291 678 4335 omnes
711 4269 858 4334 balineae
896 4267 940 4330 mi
973 4267 1056 4332 hane
1088 4267 1251 4334 ldssitudi·

912 4397 986 4440 nem
1010 4376 1164 4440 eximunt.

200 4478 238 4548 llt
258 4487 405 4553 bdlineas
429 4491 462 4552 et
485 4486 706 4551 ambulacrum
731 4487 765 4548 et
787 4483 956 4566 pdrtioum.
