3246 5074
315 372 379 438 562
555 385 697 436 unisona
720 385 947 436 nrrrsrrsrrs
971 383 1226 434 aaronnnnrosn

315 537 386 597 tum
409 532 498 596 nacti
521 532 637 596 merito
662 531 709 596 sic
732 531 1004 615 existimabimus,
1031 553 1097 596 non
1119 535 1156 594 ut
1180 551 1218 593 er
1242 529 1321 594 artis
1345 549 1461 615 genere

316 640 355 704 de
382 642 489 704 aetate
521 637 724 704 monumenti
755 636 991 720 coniciendum,
1023 637 1078 702 sed
1105 641 1143 702 ut
1170 657 1209 701 ex
1239 637 1461 721 inscriptionis

314 747 346 810 h.
366 769 392 812 e.
419 746 522 830 ipsius
551 746 750 811 monumenti
782 749 890 810 aetate
922 746 961 811 dc
989 765 1106 832 genere
1141 745 1222 810 artis
1253 744 1461 810 iudicandum

315 875 386 924 esse
409 853 649 937 intellegamus.
683 852 797 938 Itaque
819 853 854 918 in
876 852 959 918 hanc
978 856 1105 936 partem
1124 851 1322 916 confidenter
1341 853 1462 916 statue·

315 961 405 1045 bam,
438 981 510 1026 cum
537 961 576 1025 de
600 960 765 1026 mausoleo
789 959 945 1024 Glanensi
975 960 1083 1044 aliqua
1106 959 1274 1024 occasione
1301 979 1462 1023 commen-

316 1067 412 1132 tabar
430 1067 468 1131 dc
489 1089 552 1151 qua
570 1067 708 1130 relatum
727 1070 777 1132 est
791 1067 825 1130 iu
840 1065 997 1131 Gerhardi
1012 1066 1133 1132 Diariis
1153 1067 1312 1132 archaeol.
1332 1087 1359 1130 a
1376 1065 1461 1130 1863

316 1195 346 1256 p.
369 1174 459 1239 134*.
505 1173 570 1238 Vbi
598 1175 637 1238 de
665 1173 798 1257 Millini,
829 1172 997 1254 Labordii,
1029 1171 1197 1236 Merimaci
1229 1171 1462 1236 offensionibus

224 1295 233 1307 ·
317 1279 573 1346 dubitationibus
600 1280 904 1365 reprehensionibus
932 1280 1081 1364 plurimis
1109 1301 1174 1344 non
1201 1279 1294 1362 potui
1321 1301 1388 1343 non
1417 1280 1462 1344 ita

317 1386 451 1470 sentire,
478 1385 537 1452 has
561 1391 598 1451 ut
621 1389 668 1452 eis
692 1385 918 1471 disceptandas
950 1386 1163 1471 expediendas
1186 1385 1354 1450 diluendas
1377 1407 1461 1452 com·

317 1493 479 1558 mitterem
507 1494 563 1578 qui
593 1493 798 1579 disciplinam
826 1493 1107 1578 archacologicam
1135 1493 1329 1576 profitentur
1358 1491 1461 1577 adque

318 1599 589 1666 architectonicen
613 1601 720 1666 studia
743 1601 948 1666 contulerunt
972 1623 1039 1665 sua.
1084 1598 1170 1664 Nam
1193 1604 1312 1664 memet
1334 1621 1408 1664 cum
1431 1599 1464 1662 in

317 1703 433 1771 horum
456 1729 590 1774 numero
613 1708 746 1776 minime
769 1729 947 1786 censerem,
978 1711 1088 1771 tamen
1114 1711 1243 1772 tantum
1273 1705 1464 1790 intellegere

318 1812 457 1897 videbar,
488 1797 526 1880 eo
550 1835 621 1879 esse
643 1815 826 1880 necessario
854 1813 1061 1878 adnitendum
1085 1817 1121 1878 ut
1144 1835 1216 1878 eum
1240 1811 1464 1896 inscriptionis

318 1919 515 2002 antiquitate
543 1920 624 1984 artis
652 1920 851 1984 existimatio
880 1919 990 2004 aliqua
1017 1920 1070 1983 via
1094 1919 1334 2018 conciliaretur.
1380 1917 1463 1993 Quo-

318 2024 404 2088 circa
426 2025 563 2110 Romam
587 2025 696 2090 missis
719 2025 995 2090 Labordianarum
1023 2026 1209 2092 tabularum
1233 2025 1388 2109 exemplis
1412 2025 1463 2090 de·

318 2130 468 2195 lincando
492 2131 603 2214 factis,
633 2131 709 2216 quid
733 2132 863 2196 tandem
886 2131 982 2196 huius
1005 2132 1053 2196 rei
1075 2138 1162 2198 esset
1185 2155 1203 2198 e
1226 2131 1371 2198 Brunuio
1394 2155 1462 2216 per-

319 2237 451 2320 quisivi:
476 2237 532 2322 qui
554 2241 666 2303 tamen
689 2261 730 2302 ne
753 2238 949 2322 sicquidem
974 2242 1026 2304 sat
1047 2243 1118 2303 tuto
1138 2260 1235 2322 posse
1258 2239 1393 2304 iudicari
1416 2262 1462 2304 re-

306 2343 452 2428 spondit
484 2344 548 2408 nisi
580 2346 652 2430 ipso
684 2348 893 2412 monumento
924 2346 1081 2430 inspecto.
1130 2344 1244 2429 Itaque
1276 2351 1462 2430 pergratum

319 2451 437 2516 accidit
459 2451 544 2536 quod
567 2473 625 2536 per
648 2452 773 2518 itineris
792 2445 933 2516 Parisini
953 2449 1230 2535 opportunitatem
1252 2451 1345 2516 licuit
1363 2474 1463 2536 nuper

320 2558 513 2623 suavissimo
547 2559 650 2623 amico
684 2557 824 2623 Glanum
857 2558 946 2622 adire
976 2558 1148 2642 ipsumque
1180 2557 1380 2623 mausoleum
1408 2581 1464 2642 per

319 2687 430 2729 omnes
454 2669 564 2749 partes
588 2665 643 2729 diu
665 2663 854 2749 placideque
878 2665 1092 2748 contemplari
1119 2665 1315 2752 perscrutari
1343 2665 1463 2734 rimari.

319 2769 389 2846 Quo
418 2770 609 2853 planissime
636 2770 836 2836 intellectum
865 2773 916 2834 est
943 2771 1059 2835 mirum
1087 2775 1243 2855 quantum
1270 2771 1386 2836 fallere
1414 2772 1464 2838 vel

319 2875 541 2941 Labordianas
559 2877 699 2956 tabulas,
719 2877 786 2941 sive
806 2876 1073 2943 architectonicas
1092 2877 1235 2942 rationes
1250 2881 1377 2961 spectas
1397 2879 1464 2944 sive

319 2981 488 3066 plastices:
512 2983 710 3067 singularem
734 3005 826 3066 sane,
854 2982 909 3048 sed
936 2983 1069 3048 minime
1097 2982 1210 3047 rudem
1233 2987 1331 3068 atqm
1353 2983 1464 3049 incon-

320 3088 436 3172 ditam,
459 3089 576 3152 nedum
599 3089 696 3153 vilem
721 3088 942 3172 abiectumque
961 3091 1064 3152 artem
1083 3109 1211 3153 omnem
1230 3109 1387 3174 perquam
1411 3111 1463 3155 no

320 3196 430 3260 tabilis
450 3196 649 3261 monumenti
679 3217 762 3280 esse,
794 3196 893 3260 immo
921 3199 1009 3260 certo
1038 3195 1305 3282 consideratoque
1328 3197 1463 3263 consilio

320 3303 471 3368 instituta
493 3303 616 3368 omnia:
641 3301 788 3387 singulas
813 3302 968 3387 quasdam
991 3306 1101 3386 partes
1125 3325 1145 3366 a
1165 3325 1280 3368 norma
1298 3307 1464 3368 consuetu·

320 3411 406 3475 dinis
424 3409 619 3492 recedentes,
642 3409 697 3474 sed
716 3409 845 3482 easdem
865 3409 931 3474 suis
950 3430 967 3472 e
987 3401 1110 3474 caussis
1129 3409 1328 3493 repetendas,
1348 3431 1462 3494 parum

321 3517 459 3600 simplici
481 3515 697 3601 prudentique
720 3516 846 3599 iudicio,
869 3516 969 3582 immo
988 3517 1151 3602 cupidiore
1169 3516 1304 3582 fastidio
1323 3522 1356 3582 et
1374 3539 1464 3602 prae

320 3626 450 3707 sumpta
478 3623 617 3707 quadarn
645 3623 798 3706 opinione
829 3623 871 3686 ab
904 3623 1096 3708 antiquariis
1126 3623 1341 3689 existimatas:
1373 3645 1463 3708 prae-

321 3731 407 3795 claro
431 3735 597 3814 tamqnam
622 3730 847 3814 supplemento
876 3733 1120 3794 monumentum
1145 3729 1306 3795 Glanense
1330 3752 1401 3794 esse
1425 3729 1463 3794 ad

320 3858 422 3902 vacua
449 3835 605 3922 quaedam
636 3835 808 3900 intervalla
840 3836 996 3920 explenda
1024 3835 1140 3920 quibus
1171 3857 1361 3922 progressae
1391 3857 1464 3920 pro·

244 3961 305 4001 vm
319 3949 523 4029 pagatacque
546 3943 627 4007 artis
651 3943 787 4008 scientia
808 3947 922 4008 nostra
941 3942 1045 4007 adhuc
1061 3941 1216 4008 hiaverit:
1240 3944 1280 4008 ab
1301 3943 1464 4028 elegantia

320 4055 355 4115 et
381 4049 613 4131 concinnitate,
645 4048 794 4134 quamvis
822 4070 861 4113 ea
888 4049 1081 4133 aliquotiens
1109 4049 1261 4114 solidiore
1290 4055 1323 4114 et
1350 4071 1463 4133 prope-

321 4157 453 4222 modum
476 4155 645 4241 pinguiore
674 4177 771 4239 quam
801 4155 950 4220 molliore
973 4158 1007 4219 et
1028 4154 1194 4239 politiore,
1221 4155 1301 4220 nihil
1331 4176 1463 4240 prorsus

321 4263 461 4346 obstare,
484 4261 655 4347 quominus
679 4262 709 4325 ei
732 4261 833 4326 ferme
856 4262 957 4326 aetati
975 4261 1056 4326 illud
1077 4261 1240 4326 tribuatur
1259 4283 1340 4344 quae
1359 4260 1464 4326 media

320 4367 384 4432 fuit
405 4367 490 4432 inter
513 4365 548 4434 0.
566 4367 738 4433 Caesarem
766 4371 799 4432 et
822 4367 1035 4433 Octavianum
1059 4367 1254 4454 Angustum.
1295 4367 1346 4432 Ad
1374 4368 1463 4450 ipsas

321 4477 429 4538 eutem
454 4475 574 4558 figuras
594 4475 627 4538 in
647 4477 800 4558 quattuor
819 4475 906 4538 basis
925 4474 1081 4538 lateribus
1101 4495 1196 4558 opere
1215 4473 1340 4539 caelato
1357 4471 1463 4536 factas
