3216 5082
559 369 839 420 evernansnrvn
862 371 908 419 iv.
1241 355 1306 421 547

57 540 62 548 ·
160 537 193 598 p.
213 513 278 578 338
303 514 454 579 editioni·
474 512 667 602 Parisinac),
692 515 835 580 dubitari
858 537 992 600 prorsus
1015 537 1081 581 non
1098 519 1209 600 potest
1231 517 1309 600 quin

160 623 206 686 sit
228 620 357 685 novicia
378 619 492 686 fraude
523 624 556 686 et
579 622 625 687 eis
648 622 777 706 quidem
806 623 1009 706 temporibus
1034 621 1171 688 conficta
1193 622 1310 707 quibus

160 727 320 796 usitatam
349 725 398 793 SP
427 731 542 792 notam
569 727 715 812 imperiti
743 729 874 813 quidam
902 730 1077 814 antiquarii
1108 731 1142 795 in
1169 733 1311 794 mentem

160 834 357 900 induxerunt
384 855 450 898 non
474 831 721 900 SPEOTATVS
749 835 956 920 interpretari
988 837 1044 900 sed
1068 833 1309 901 SPEOTAVIT

161 941 243 1006 satis
279 941 402 1024 inepte:
440 945 640 1026 quapropter
672 942 853 1006 rectissime
885 943 920 1005 in
951 942 1108 1007 falsarum
1139 965 1311 1008 numerum

159 1045 383 1112 Mommsenus
407 1046 537 1112 rettulit
560 1069 589 1131 p.
609 1048 675 1112 200
688 1068 711 1112 e.
745 1047 836 1132 Ergo
855 1046 917 1112 hoc
942 1047 1058 1112 saltem
1077 1049 1225 1133 exemplo
1244 1071 1311 1114 non

160 1155 252 1238 licet,
275 1153 362 1238 quod
378 1153 558 1239 Borghesio
577 1155 713 1238 placuit,
736 1155 891 1238 probare:
914 1153 1037 1219 factum
1061 1177 1131 1220 essa
1153 1176 1310 1220 nonnum·

161 1283 258 1344 quam
280 1264 408 1325 utnon
431 1281 490 1325 suo
514 1265 675 1346 tempore,
697 1261 753 1325 sed
777 1261 944 1346 aliquanto
969 1264 1044 1345 post
1067 1260 1194 1326 demum
1218 1284 1310 1346 para-

160 1371 274 1432 rentur
296 1367 589 1434 inseribercnturve
613 1368 664 1433 vel
684 1368 800 1432 saltem
820 1367 1048 1452 supplerentur
1066 1371 1218 1452 tesserae,
1242 1369 1309 1434 siva

160 1477 195 1540 in
224 1496 340 1538 caussa
367 1495 456 1538 mera
485 1473 607 1538 oblivio
635 1473 699 1538 fuit
727 1474 795 1538 sive
822 1474 1045 1538 deficientibus
1078 1475 1208 1540 omnino
1236 1475 1309 1558 ipso

160 1581 239 1646 editi
266 1579 442 1665 spectaculi
469 1583 629 1663 tempore,
656 1601 793 1664 quorum
820 1581 954 1646 nomina
982 1581 1208 1665 scriberentur,
1235 1604 1309 1646 con·

160 1686 296 1752 sulibus.
336 1685 407 1762 Qua
429 1685 485 1750 ille
509 1685 694 1750 coniectuta
716 1709 793 1750 usus
816 1685 1015 1752 Heinsianae
1038 1691 1179 1752 tesserae
1201 1691 1310 1770 patro-

160 1794 281 1858 cinium
305 1792 448 1876 suscepit
471 1813 554 1876 quaa
578 1791 659 1856 haec
682 1795 732 1856 est
746 1791 780 1858 0.
795 1792 819 1856 Ι.
833 1791 868 1856 L.
887 1793 903 1858 I
922 1817 952 1878 p.
965 1794 1027 1858 197
1047 1792 1309 1874 1.733[Ι11111111
1394 1887 1397 1893 Ι

160 1901 250 1965 Tess.
274 1900 358 1984 glad.
381 1900 502 1980 1.22];

159 2713 317 2782 Consules
342 2717 428 2780 enim
458 2715 534 2779 anui
559 2716 621 2780 701
650 2715 695 2780 Μ.
714 2714 882 2780 Valerium
906 2715 1093 2780 Messallam
1117 2713 1307 2780 0101111-

158 2823 241 2886 tium
265 2821 436 2888 Calvinum
459 2843 532 2886 cum
557 2805 671 2886 Cassio
690 2819 795 2886 Dione
818 2819 892 2904 XL,
913 2821 951 2886 17
974 2824 1008 2886 et
1025 2821 1069 2884 45
1092 2819 1307 2906 Appianoque

158 2928 189 2994 b.
212 2929 271 2994 civ.
296 2929 337 2994 19
362 2928 501 2994 testibus
529 2931 693 2992 constaret
720 2949 831 2994 mense
860 2927 989 2993 demum
1013 2927 1167 3006 Quinotili
1189 2951 1306 2994 munus

159 3036 381 3120 capessivisse,
404 3036 499 3102 fidem
517 3035 594 3100 huic
612 3040 756 3102 tesserae
775 3035 908 3101 omnino
927 3035 1140 3121 derogaverat
1154 3034 1304 3102 Clemens
1318 3061 1353 3100 rx

159 3139 354 3208 Cardinalis:
382 3143 418 3207 in
445 3166 509 3229 qua
537 3144 565 3208 is
590 3145 751 3208 sententia
779 3142 879 3208 etiam
902 3147 979 3226 post
1002 3140 1175 3227 Borghesii
1198 3143 1306 3228 dispu-

158 3249 315 3314 tationem
338 3250 484 3331 perstitit
505 3249 729 3334 Diplomatum
756 3250 834 3334 imp.
858 3272 888 3332 p.
911 3251 973 3314 123
993 3271 1039 3333 sq.
1066 3272 1098 3312 n.
1117 3250 1190 3313 220.
1236 3248 1306 3314 Nec

159 3375 236 3418 sane
259 3355 331 3436 plus
355 3355 442 3418 valet
466 3355 599 3420 eandem
621 3356 657 3419 in
679 3359 804 3438 partem
827 3355 991 3438 prolatum
1015 3377 1035 3417 a
1055 3353 1236 3438 Borghesio
1261 3355 1306 3418 al·

158 3463 263 3524 terum
287 3459 528 3545 documentum,
553 3462 639 3545 quod
662 3461 717 3525 ille
742 3483 759 3525 e
782 3464 905 3524 tessera
923 3459 1092 3524 Parmensi
1114 3458 1145 3523 h.
1159 3481 1185 3524 e.
1204 3481 1304 3543 prope

158 3565 307 3630 Parmam
341 3570 470 3650 reperta
502 3565 599 3649 petiit
631 3563 665 3650 (l.
689 3587 713 3630 s.
736 3588 760 3630 s.
790 3589 821 3649 p.
850 3565 912 3630 196
939 3587 970 3630 n.
991 3565 1052 3630 731
1090 3565 1192 3646 [Tess.
1220 3567 1305 3651 glad.

157 3695 188 3737 n.
213 3669 298 3758 20]):

643 3821 805 3888 PELOPS

626 3933 634 3937 ’
659 3935 805 4040 annm

596 4123 645 4190 ΞΡ
661 4125 745 4190 -ΜΕ
761 4161 767 4174 -
784 4125 859 4202 QVI

464 4234 989 4342 ”’1’11ᾙ1ἶ1>”111ῗ’111“

156 4455 195 4521 Id
219 4457 305 4522 enim
328 4457 512 4540 exemplum
537 4455 600 4520 etsi
624 4455 768 4540 aliquam
796 4456 862 4520 vim
884 4453 1004 4520 habere
1028 4455 1302 4592 1011111111νὶ-

1036 4564 1069 4613 35
