3216 5082
569 397 853 447 svrrnnunsrvm
876 397 897 444 1.
1242 381 1306 447 507

165 544 446 605 monumentorum
484 542 632 627 exemplo
670 542 861 607 confirmare
898 540 983 606 licet
1042 539 1091 604 De
1124 539 1244 606 extrita
1276 542 1309 606 in

166 643 440 735 Rosdrspffluois
463 653 496 714 et
518 671 537 712 r
559 655 593 715 et
614 651 628 715 i
649 650 760 715 littera
783 671 856 714 cum
875 649 1015 714 diximus
1038 648 1117 714 alibi
1136 651 1206 713 tum
1225 669 1309 714 com·

165 755 261 820 modo
280 755 432 820 dicemus.
470 754 617 820 Genetivi
643 759 752 820 autem
775 777 846 820 oum
871 755 935 820 alio
959 775 1036 820 casu
1059 755 1093 820 in
1112 754 1224 821 eodem
1242 777 1309 820 mo-

164 865 319 928 numento
338 861 613 928 consociationem
632 862 694 926 etsi
713 883 770 945 per
789 883 908 926 senon
928 865 978 926 est
996 883 1053 928 cur
1071 862 1176 947 magis
1192 860 1310 927 mirere

165 990 262 1052 quam
282 968 405 1033 sociata
422 966 664 1043 MIRQVRIOS
688 971 722 1032 et
739 966 1032 1033 ALIXENTROM
1050 968 1084 1033 in
1102 967 1310 1034 Berolinensi

165 1075 307 1159 speculo,
338 1073 448 1139 IVNO
474 1072 677 1139 flnsscntn
706 1077 739 1138 et
766 1072 891 1139 IOVEI
918 1073 954 1137 in
980 1073 1191 1140 Kircheriano
1219 1073 1310 1160 (nam

164 1202 224 1251 nec
247 1181 286 1245 de
310 1182 493 1247 accusativo
517 1179 808 1248 utlanTROM
830 1203 890 1247 neo
913 1181 952 1246 de
976 1180 1085 1246 dativo
1106 1180 1230 1247 IOVEI
1254 1182 1309 1248 du·

165 1285 363 1375 bitontum),
390 1293 501 1354 tamen
527 1289 626 1354 trium
654 1310 787 1354 casuum
814 1288 850 1354 iu
877 1289 1009 1373 speculo
1034 1286 1161 1355 Cosano
1188 1290 1310 1356 iuncto·

164 1416 249 1478 rum,
272 1392 419 1460 VENOS
441 1395 635 1461 nominativi
659 1417 731 1461 eum
752 1394 927 1461 DIOVEM
951 1397 1135 1462 accusativo
1159 1401 1193 1462 et
1216 1418 1309 1483 gene-

164 1501 233 1566 tivo
256 1499 544 1588 PROSEPNMS,
568 1503 674 1568 simile
697 1503 783 1588 quod
806 1504 946 1569 sciamus
965 1505 1148 1589 exemplum
1166 1503 1309 1570 nondum

165 1607 334 1673 inventum
357 1613 416 1674 est.
461 1607 641 1674 Fatendum
670 1613 720 1674 est
743 1610 828 1674 enim
856 1610 894 1674 de
918 1611 1033 1675 talium
1056 1611 1235 1676 formarum
1258 1634 1309 1676 ra·

165 1715 254 1780 tione
272 1713 435 1780 Francisci
450 1714 640 1780 Buecheleri
658 1716 762 1781 nostri
782 1716 929 1800 quamvis
948 1716 1061 1781 subtili
1080 1717 1310 1802 disputatione,

166 1843 248 1906 quae
276 1825 326 1884 est
357 1821 391 1884 in
419 1819 525 1884 Musei
552 1819 654 1886 Rhen.
682 1825 705 1886 t.
729 1819 791 1886 XV
817 1844 847 1906 p.
866 1821 933 1886 444
956 1843 1017 1906 aq.‚
1053 1823 1243 1889 certissimis
1271 1824 1310 1888 de

166 1928 289 1993 caussis
315 1927 410 1993 nobis
438 1949 504 1992 non
530 1949 722 2012 persuasum
751 1949 830 1994 esse.
863 1965 901 1975 —
935 1926 1086 1994 Ceterum
1118 1929 1157 1994 de
1184 1931 1310 1998 veriore

165 2033 226 2097 hac
258 2033 478 2118 inscriptionis
510 2035 648 2101 lectione
680 2035 751 2119 ipse
783 2035 849 2099 iam
877 2035 1040 2101 Brunnius
1073 2036 1243 2103 admonuit
1274 2039 1309 2104 in

166 2138 369 2205 ‘Bullettino'
384 2139 463 2206 Inst.
482 2141 574 2206 Rom.
593 2165 621 2207 e.
638 2143 723 2208 1862
742 2165 772 2226 p.
787 2143 817 2206 6.
853 2140 914 2224 [Of.
930 2141 1093 2228 Supplem.
1108 2142 1158 2208 III
1177 2167 1206 2229 p.
1222 2143 1308 2228 ΧΠ]

254 2245 355 2313 Porro
387 2270 505 2314 noram
538 2249 597 2314 sub
625 2247 653 2314 0
679 2253 866 2314 tesseram
899 2249 1178 2334 gladiatoriam
1211 2249 1260 2333 [(1.
1284 2251 1362 2317 I.xv

165 2351 201 2417 L.
223 2352 240 2418 I
266 2355 402 2421 n.1537
431 2379 462 2440 p.
485 2355 565 2439 5603
602 2354 728 2420 Ritsohl
757 2354 913 2420 Tesserae
946 2356 1032 2440 glad.
1064 2379 1095 2422 n.
1122 2357 1162 2422 19
1200 2358 1310 2443 ibique

164 2461 230 2526 tab.
253 2459 329 2544 Il]

574 2655 910 2724 ANTEROS

574 2806 746 2874 AOILI

534 2957 589 3024 SP
623 2995 629 3008 ·
662 2959 718 3024 ID
754 2995 760 3008 ·
790 2959 892 3038 QVI

533 3110 950 3178 GN·OOR·L·MAR

165 3317 205 3380 ad
228 3317 357 3380 illarum
381 3315 622 3382 multitudinem
646 3315 840 3401 addidimus,
868 3340 947 3402 quas
971 3341 991 3382 a
1009 3316 1176 3383 Clemente
1200 3317 1309 3382 (lardi-

163 3423 231 3487 nali
255 3421 335 3486 olim
353 3425 524 3506 congestas
543 3422 578 3485 in
592 3421 789 3504 Diplomatis
808 3423 1040 3506 imperialibus,
1063 3422 1200 3488 Velitris
1214 3423 1309 3488 editis

165 3551 193 3593 a
215 3527 309 3612 1835,
332 3549 396 3593 uon
419 3543 595 3611 paucorum
623 3528 846 3612 exemplorum
869 3528 1052 3594 accessione
1081 3533 1171 3594 aetas
1198 3535 1310 3596 nostra

104 3675 112 3682 -
165 3640 277 3702 auctas
304 3635 400 3700 vidit:
432 3657 570 3719 quorum
598 3636 753 3702 maiorem
781 3639 906 3720 partem
935 3634 1139 3722 lithographi
1168 3641 1237 3701 arte
1261 3659 1308 3700 re-

164 3745 405 3827 praesentatam
433 3742 534 3808 habes
562 3742 597 3806 in
619 3741 654 3808 P.
678 3741 713 3808 L.
737 3741 779 3808 M.
803 3741 841 3807 E.
864 3741 931 3808 tab.
950 3741 1000 3806 III
1029 3741 1089 3806 sub
1112 3741 1153 3806 H
1160 3741 1256 3822 ÷W
1277 3746 1311 3806 et

165 3849 268 3935 suppl.
291 3849 358 3915 tab.
376 3847 501 3915 XCVII
524 3850 583 3914 sub
607 3849 736 3915 H-M.
781 3849 965 3915 Publicavit
987 3849 1078 3914 illam
1101 3869 1203 3932 nuper
1223 3847 1310 3912 Hen-

164 3979 261 4022 zenus
284 3955 319 4021 in
341 3955 438 4022 huius
463 3957 539 4022 enni
563 3955 765 4022 ‘Bullettino’
789 3980 820 4042 p.
840 3957 892 4040 81,
922 3959 1088 4039 acceptam
1112 3977 1131 4020 a
1154 3953 1223 4019 cive
1246 3953 1309 4018 Ro·

165 4088 261 4133 mano
280 4062 417 4130 Abbati:
445 4085 505 4128 nos
528 4063 673 4128 Brunnio
697 4062 850 4129 debemus
878 4068 995 4130 stanno
1019 4083 1213 4146 expressam.
1261 4061 1309 4124 Ad

164 4172 313 4237 eonsules
346 4192 417 4236 cam
451 4169 509 4236 ΟΝ
523 4206 529 4219 ·
545 4169 747 4236 CORnelium
778 4169 816 4235 P.
841 4171 865 4251 f.
893 4169 1060 4235 molum
1088 4167 1310 4233 Marcellinum
1448 4175 1452 4182 '

81 4352 84 4358 ¹
165 4276 405 4342 LMARcsem
432 4277 468 4342 L.
495 4277 518 4358 f.
550 4275 585 4357 Q.
611 4297 643 4342 n.
671 4275 855 4358 Pbilcppum
888 4274 965 4339 anni
993 4275 1057 4340 698
1095 4278 1243 4359 spectare
1275 4275 1310 4340 in

165 4384 339 4466 propatulo
367 4389 426 4450 est.
476 4382 662 4449 Eorundem
692 4381 862 4448 consulum
890 4381 924 4446 in
952 4381 1017 4446 alia
1043 4384 1179 4466 tessera,
1212 4405 1310 4468 quarn

164 4490 241 4570 post
262 4487 434 4556 Matinium
458 4491 530 4557 Act.
557 4489 596 4554 fr.
624 4488 701 4555 Ars.
732 4513 763 4576 p.
787 4488 852 4555 823
884 4510 957 4553 oum
985 4485 1167 4554 Cardinalis
1194 4511 1225 4572 p.
1247 4490 1307 4553 121
