3116 5066
492 407 642 456 mvnvs
667 408 869 456 inarmans.
1185 393 1246 458 169

136 548 259 632 lapidarii
286 557 429 636 repetere
454 551 494 615 ad
517 551 696 636 proximam
721 551 742 615 S
767 553 907 616 litteram
931 553 1121 636 aberrantis,
1145 553 1173 616 ei
1198 553 1303 617 de-vn

136 658 350 723 monstrandam
369 659 432 723 erit
449 680 600 742 umquam
615 663 754 724 veterem
773 659 917 744 linguam
933 658 1130 724 SENATVS
1145 660 1250 726 forma

135 761 186 827 ullo
210 769 289 830 certo
318 767 467 850 exemplo
503 789 594 831 usam
619 789 702 832 esse:
735 767 768 832 id
792 767 878 852 quod
904 789 1035 852 prorsus
1065 767 1250 852 negandum

134 890 188 934 esse
204 872 296 938 video.
337 873 386 937 Ac
410 872 587 956 prolectam
613 873 702 937 illam
726 896 745 938 a
765 872 993 938 SENATVOS
1011 875 1161 960 genetivo
1180 896 1249 940 esse

134 977 198 1042 satis
222 980 468 1044 vindobonense
499 980 538 1043 de
570 979 786 1044 Bacanalibus
821 987 1064 1045 monumentum
1098 984 1249 1046 testatur:

134 1106 242 1171 eamque
269 1087 409 1153 formam
441 1087 505 1150 fuit
536 1087 591 1171 qui
620 1109 678 1151 suo
711 1109 771 1150 usu
808 1088 1019 1172 instauraret,
1057 1089 1084 1152 si
1116 1089 1249 1172 optimis

133 1188 333 1278 Oudendorpio
357 1199 441 1258 teste
465 1193 627 1258 codicibus
647 1193 793 1258 Suetonii
817 1195 1035 1259 auscultamus
1056 1195 1102 1260 sic
1120 1218 1250 1260 narran-

132 1295 219 1362 liade
239 1301 415 1366 Octaviano
439 1300 587 1385 Augusto
612 1323 679 1384 cap.
703 1301 759 1364 87:
793 1303 864 1364 item
886 1303 1004 1366 simus
1028 1323 1088 1386 pro
1110 1325 1250 1386 sarnus,

132 1405 302 1472 etdomuos
329 1409 463 1490 pentano
491 1429 564 1472 casu
591 1409 747 1491 sinprdari
773 1430 833 1492 pro
860 1411 985 1474 domus
1013 1407 1138 1496 (periit).
1186 1409 1249 1475 Vbi

132 1511 200 1592 quod
219 1513 365 1598 vulgatur
387 1513 500 1590 domos,
522 1512 654 1597 irrepsit
677 1513 774 1577 etiam
799 1513 832 1577 in
851 1512 948 1579 Marii
968 1515 1128 1582 Victorini
1152 1518 1250 1581 verba

130 1637 153 1698 p.
172 1620 248 1686 2466
270 1620 305 1708 (8
330 1619 398 1709 G.):
432 1621 535 1686 Divus
562 1621 722 1704 Arrpaslus
741 1623 874 1704 genitivo
897 1643 971 1687 costr
997 1624 1107 1688 liuius
1129 1626 1251 1689 doinus
1350 1655 1358 1673 ν

130 1719 224 1806 (immo
249 1727 414 1814 domnos)
441 1749 541 1792 meac
562 1749 621 1810 per
653 1751 671 1792 o
701 1727 816 1815 (immo
840 1727 906 1815 uo),
934 1751 997 1794 non
1019 1735 1055 1794 at
1076 1752 1132 1794 nos
1149 1751 1207 1812 per
1230 1755 1249 1796 u

129 1829 230 1912 literram
253 1837 384 1918 sempsit.
437 1835 474 1898 ln
504 1833 677 1920 eodemque
709 1835 935 1920 antiquitatem
971 1837 1162 1922 aliquotiens
1195 1860 1249 1921 po-

129 1941 200 2004 stera
224 1946 310 2006 aetas
339 1941 469 2007 imitata
497 1945 559 2026 est,
591 1943 646 2006 sed
677 1965 694 2006 c
721 1943 825 2007 vocali
853 1943 891 2006 de
920 1967 978 2008 suo
1008 1965 1096 2008 more
1124 1947 1252 2008 mutata

130 2042 206 2111 inu:
244 2071 306 2134 quo
339 2048 398 2112 illa
425 2049 589 2133 pertinent
620 2050 654 2113 in
682 2049 789 2132 capite
817 2049 855 2114 de
883 2051 1049 2116 vocalibus
1078 2051 1250 2136 geminatis

130 2159 359 2220 commemorata
395 2179 425 2240 p.
454 2156 496 2220 29
527 2153 638 2240 [supra
666 2179 697 2240 p.
727 2157 802 2236 152]
831 2156 1013 2222 DOMVVS
1042 2154 1250 2242 (OONVEN·

130 2253 239 2347 TVVS)
266 2268 299 2327 et
326 2264 507 2348 imperante
536 2261 720 2326 Alexandro
754 2261 872 2327 Severo
911 2263 1066 2347 seriptum
1094 2263 1250 2328 TOTlVS

129 2361 395 2434 llelROI'I'VVS.
440 2369 615 2435 Pristinam
640 2369 723 2434 VOS
751 2371 1014 2454 declinationem,
1037 2371 1129 2435 utin
1152 2373 1251 2436 nomi·

129 2477 345 2560 tricastinis,
374 2477 500 2562 excepit
527 2477 597 2542 VIS
623 2477 740 2560 forma,
768 2499 850 2560 quae
880 2499 953 2541 cum
977 2477 1123 2560 dempt0‚
1151 2480 1188 2541 ut
1218 2478 1250 2542 in

129 2577 223 2664 prima,
244 2581 393 2662 secunda,
416 2584 530 2668 quinta
553 2583 776 2666 declinatione,
800 2582 896 2648 sibilo
920 2583 1077 2648 erasisset
1099 2581 1155 2666 Vl,
1178 2605 1250 2647 con-

128 2684 200 2750 trahi
225 2693 279 2754 aut
306 2690 342 2754 in
365 2689 395 2754 V
419 2693 455 2754 ut
482 2690 516 2755 in
544 2689 653 2754 dativo
682 2694 807 2770 stimplo
838 2688 1009 2772 quintaeve
1033 2689 1180 2774 genetivo
1204 2691 1252 2754 dic

129 2794 228 2878 potuit,
255 2795 368 2861 autin
395 2795 410 2860 l
434 2799 470 2860 ut
492 2797 527 2860 in
546 2797 658 2878 populi
684 2797 737 2860 dii.
783 2795 917 2860 Praeter
944 2796 1023 2861 haec
1052 2796 1136 2860 enim
1166 2797 1251 2880 quod

130 2915 176 2976 per
194 2901 318 2988 linguae
342 2903 432 2989 leges
456 2905 524 2967 fieri
544 2904 623 2968 item
642 2907 801 2988 potuerat,
825 2907 861 2968 ut
879 2903 990 2969 eadem
1010 2925 1108 2988 opera
1126 2907 1159 2968 et
1178 2925 1251 2970 con-

130 3003 290 3075 traheretur
320 3019 353 3074 et
375 3031 391 3075 s
413 3009 521 3074 littera
545 3015 741 3095 servaretur,
772 3011 834 3077 hoc
857 3012 937 3076 illud
961 3012 1069 3096 ipsum
1093 3012 1250 3096 estquod

130 3105 229 3180 lactum
257 3139 329 3182 esse
357 3138 513 3203 negamus
543 3122 617 3182 ante
647 3119 749 3183 multo
776 3119 959 3202 posteriora
986 3123 1134 3201 tempora
1163 3117 1251 3182 adul·

130 3217 171 3279 lae
194 3220 369 3289 latinitatis.
415 3223 484 3290 Nec
506 3227 629 3306 tamen,
652 3247 733 3308 quae
756 3224 844 3289 facta
867 3228 944 3290 sunt
967 3225 1159 3309 antiquitus,
1181 3225 1252 3308 pari

130 3317 289 3408 frequentia
311 3331 410 3396 fuere.
451 3329 560 3396 Vnum
584 3335 711 3396 tantum
734 3330 782 3396 Vl
806 3331 1044 3395 terminationis
1068 3331 1136 3395 lese
1155 3333 1251 3396 vesti·

131 3426 201 3507 glum
222 3441 330 3502 exstat
352 3438 386 3501 in
405 3437 614 3502 Ambrosiani
634 3437 750 3502 codicis
770 3436 915 3501 Plautini
935 3437 1100 3520 memoria,
1124 3436 1251 3501 SVMP-

130 3527 189 3600 TVI
204 3544 370 3627 prodentis
391 3543 574 3608 Trinummi
593 3567 621 3607 r.
641 3545 715 3628 250,
740 3545 795 3608 ubi
818 3545 933 3627 nunniti
956 3548 988 3608 et
1011 3545 1151 3609 numeris
1171 3546 1251 3610 satis

128 3637 190 3708 facil
218 3675 296 3718 sane
330 3655 363 3716 et
394 3653 514 3716 lectum
543 3655 593 3716 est
617 3673 636 3716 a
658 3649 779 3716 Nonio:
815 3654 893 3715 itern
917 3674 1026 3735 unum,
1059 3674 1251 3736 quamquam

126 3751 230 3822 redum
249 3762 288 3822 ut
310 3761 401 3842 puto,
424 3757 454 3821 V
478 3757 708 3824 contractionis
733 3759 913 3842 exemplum
933 3757 1107 3822 SENATV
1127 3759 1161 3822 in
1179 3757 1253 3822 Alc-

126 3851 222 3929 trinati
246 3864 345 3930 titulo
368 3869 489 3930 nostro.
521 3865 659 3929 Restant
682 3865 783 3949 igitur
803 3862 1020 3930 SENATVIS
1040 3869 1073 3930 et
1092 3863 1253 3930 SENATI

122 3953 243 4056 for111ae,
278 3991 361 4056 quae
393 3970 483 4054 ipsae
512 3993 531 4035 a
558 3974 649 4035 sexto
679 3971 808 4037 saeculo
836 3993 894 4056 per
921 3973 1097 4037 maximam
1126 3973 1252 4056 partem

122 4069 236 4148 septimi
270 4081 448 4163 regnarunt
481 4078 582 4162 solae,
614 4077 669 4142 sed
703 4077 765 4143 hoc
794 4083 903 4144 tamen
932 4081 1188 4162 temperamento
1216 4081 1253 4142 ut

121 4174 212 4245 uultu
239 4184 344 4248 rarior
371 4185 430 4268 sit,
459 4185 486 4248 si
510 4185 550 4248 ab
574 4207 638 4248 uno
661 4183 808 4249 Varrone
832 4185 1032 4268 discesseris,
1060 4183 1131 4248 VIS
1156 4207 1252 4268 (luam

122 4271 349 4356 llerminatio:
378 4289 505 4375 quando
534 4291 658 4376 largam
681 4292 720 4356 de
743 4293 806 4358 hoc
829 4313 946 4377 genere
971 4291 1119 4356 universo
1143 4292 1252 4356 eristi-

132 4391 224 4458 muudi
243 4397 413 4462 materiam
431 4417 503 4462 cum
527 4397 633 4464 Gellio
656 4399 713 4482 IV,
739 4400 788 4482 16,
812 4397 959 4463 Charisia
981 4420 1013 4482 p.
1039 4399 1079 4463 10
1103 4403 1136 4463 et
1157 4399 1201 4464 40
1221 4403 1253 4462 et

137 4486 187 4555 105
202 4503 229 4562 et
251 4504 328 4586 116,
351 4501 480 4569 Donato
509 4505 542 4569 in
566 4505 665 4570 Andr.
689 4505 735 4589 II,
764 4505 800 4587 2,
828 4505 870 4569 28
899 4508 934 4570 et
960 4504 1038 4572 Hec.
1061 4505 1124 4590 Ill,
1148 4507 1177 4590 2,
1201 4507 1252 4588 21,
