3116 5066
468 403 616 448 Tth'LVS
640 401 856 449 nvnfflnuvs
1189 383 1229 447 91

114 545 177 608 anni
211 545 334 629 qnidam
369 547 440 610 720.
472 581 511 591 -—
551 545 694 621 Quarto
736 545 807 610 loco
840 545 1086 610 admirationem
1125 551 1234 611 movet

114 649 209 734 Vpro
231 650 257 716 Ο
281 653 401 717 vocalis
432 654 465 717 in
488 651 705 718 HEROVLIS
729 655 800 717 ut).
846 651 930 718 Nam
954 654 1015 718 etsi
1038 653 1072 719 in
1096 654 1232 729 declina·

112 758 186 822 tione
203 759 328 844 quidem
343 757 395 824 OS
417 764 449 824 et
463 759 526 824 OM
544 761 730 825 terminatio
749 761 836 826 ultra
854 761 983 826 initium
1003 761 1123 826 saeculi
1143 759 1234 844 serti,

112 867 133 928 si
153 865 190 930 ab
212 889 272 931 nno
296 864 525 932 SENATVOS
554 867 704 951 genetivo
732 868 915 948 recesseris,
942 888 1009 932 non
1033 868 1161 932 duravit
1183 865 1234 951 (ut

111 995 224 1057 prorsus
248 974 411 1059 singulare
436 976 479 1038 sit
504 973 692 1040 ΑΝΊῚΟΟΟ
717 997 776 1060 pro
800 975 987 1040 Antiochum
1009 975 1044 1038 in
1062 975 1097 1040 L.
1112 973 1233 1058 Scipio-

110 1081 159 1165 niS,
176 1083 351 1166 quaestoris
366 1105 449 1146 anno
465 1083 538 1166 588,
558 1082 727 1168 sepulcro),
750 1085 859 1146 tamen
875 1082 909 1146 in
924 1081 1036 1146 ceteris
1052 1082 1147 1164 longe
1167 1081 1234 1146 diu-

110 1187 164 1251 tius
185 1189 339 1253 vetustior
359 1187 385 1253 0
406 1211 503 1254 sonus
527 1190 653 1253 mansit.
694 1188 763 1253 Nec
782 1188 813 1252 id
833 1187 866 1251 in
885 1187 967 1251 illud
984 1191 1113 1252 tantum
1133 1208 1235 1273 genus

110 1295 184 1358 cadit
207 1295 291 1379 qnod
319 1295 361 1360 ad
389 1296 494 1378 ipsam
523 1295 656 1378 stirpem
680 1295 908 1359 vocabulorum
933 1295 1086 1378 pertinet,
1109 1296 1234 1382 velut*)

111 1403 169 1466 sola
186 1400 406 1467 POPLVCVS
430 1408 463 1467 et
485 1400 690 1467 POPLICVS
713 1403 843 1466 tabulae
862 1401 1005 1467 Bantina
1028 1407 1060 1466 et
1079 1401 1234 1468 Genuatis

109 1515 221 1592 norunt,
240 1507 450 1573 POPLICVS
470 1513 502 1572 et
522 1507 730 1573 PVPLICVS
750 1513 782 1573 et
800 1507 1013 1574 PVBLICVS
1033 1509 1128 1574 simul
1146 1511 1234 1594 leges
1251 1532 1282 1572 vr

109 1615 220 1679 demum
249 1616 378 1702 agraria
406 1619 437 1680 et
464 1615 729 1701 repetundarum,
760 1639 955 1700 quamquam
983 1615 1142 1681 PVBLIO
1171 1616 1235 1680 iarn

108 1722 202 1786 luerat
223 1725 256 1788 in
279 1727 426 1809 sepulcro
450 1725 484 1790 P.
509 1723 682 1809 Scipionis:
712 1725 763 1788 vel
787 1721 1014 1788 NONTIARE
1044 1724 1235 1807 scripturam

109 1850 171 1892 cum
193 1827 270 1896 Seto'
288 1832 327 1895 de
351 1831 470 1896 Bacan.
493 1833 544 1895 lex
568 1830 732 1914 repetund.
757 1830 942 1913 participat,
965 1831 1096 1894 tametsi
1119 1829 1153 1893 in
1176 1829 1238 1893 bac

108 1935 165 1998 iam
182 1941 283 2002 exstat
299 1935 560 2002 CONSVLERE
577 1937 660 2021 quod
680 1937 746 2000 illic
759 1935 1077 2024 CONSOLEREQ
1097 1940 1180 2020 erat,
1203 1937 1237 2000 in

110 2041 266 2128 eademqne
290 2049 323 2108 et
347 2043 593 2109 DETOLERJT
613 2048 645 2108 et
664 2041 915 2108 DETVLERIT
939 2045 1094 2128 scripturn
1110 2047 1166 2107 est.
1199 2044 1238 2107 ln

110 2149 178 2230 ipsis
199 2155 304 2215 autern
333 2152 518 2216 derivativis
548 2151 683 2233 syllabis
712 2151 981 2234 quemadmodum
1009 2147 1238 2214 HEROOLES

111 2254 240 2340 formam,
264 2259 363 2323 etiarn
388 2281 407 2322 a
426 2258 591 2322 Prisciano
611 2258 627 2322 I
651 2281 681 2342 p.
697 2257 762 2322 554
780 2262 942 2340 testatam,
965 2258 1080 2322 titulus
1096 2253 1238 2322 Soranus

112 2369 220 2449 servat,
240 2365 287 2430 ita
310 2365 485 2429 TABOLA
510 2366 678 2450 scriptura,
702 2388 783 2450 quae
808 2371 959 2430 constans
984 2371 1033 2430 est
1051 2366 1085 2429 in
1101 2363 1175 2429 Scto
1200 2365 1238 2428 de

115 2465 184 2553 Bac,
205 2493 275 2535 aere
293 2469 435 2536 Bantino
450 2470 660 2556 Genuatique,
681 2473 851 2536 recentiori
870 2471 1047 2538 TABVLA
1067 2493 1131 2537 non
1150 2473 1238 2555 prius

115 2594 195 2656 quam
218 2579 250 2642 in
274 2579 395 2643 eisdem
419 2578 483 2642 illis
509 2579 634 2663 legibus
659 2579 788 2664 agraria
813 2585 845 2642 et
863 2579 1114 2663 repetundarum
1134 2579 1239 2662 cessit,

115 2680 161 2743 sed
181 2683 224 2747 ita
244 2689 353 2750 tamen
377 2689 422 2768 ut,
444 2706 515 2748 cum
540 2685 574 2748 in
597 2685 653 2748 illa
674 2684 771 2748 etiam
790 2683 1131 2749 TRIENTABVLEis
1152 2685 1238 2769 lega-

115 2791 171 2868 tur,
198 2787 273 2855 haec
299 2791 459 2855 recentior
493 2791 605 2872 [immo
637 2792 813 2875 antiquior,
843 2791 881 2856 cf.
906 2791 1047 2856 Menum.
1077 2791 1177 2877 epigr.
1200 2795 1239 2857 tr.

116 2890 202 2972 (intra
218 2919 246 2962 n.
257 2896 299 2983 V)
323 2919 353 2980 p.
368 2898 388 2961 9
409 2901 442 2960 et
459 2896 492 2962 P.
508 2897 543 2961 L.
560 2897 600 2962 M.
616 2899 653 2963 E.
672 2897 785 2963 Enarr.
800 2921 830 2983 p.
847 2901 899 2963 27.
923 2897 957 2964 C.
968 2899 1032 2981 W.]
1058 2900 1239 2983 promiscue

117 2998 200 3063 etiam
221 3001 392 3070 TABOLA
421 3003 572 3068 exhibeat
600 3005 889 3089 antiquitatemqne
919 3005 1041 3089 pariter
1070 3008 1177 3069 servet
1206 3006 1240 3070 in

117 3101 460 3175 CONOILIABOLEIS
502 3109 768 3176 SORTIOOLAS
809 3110 1027 3177 SINGOLOS.
1093 3111 1240 3176 Eandem

118 3205 307 3281 SINGOLOS
331 3218 469 3283 formam
494 3241 548 3282 aes
568 3217 738 3282 Genuense
762 3219 898 3283 sociavit
920 3223 1028 3282 tamen
1052 3241 1123 3283 cum
1147 3217 1239 3283 VIN-

118 3313 255 3388 OVLEIS
277 3327 448 3409 scriptura,
471 3325 567 3409 plane
591 3329 627 3388 ut
645 3323 821 3388 Bantinum
845 3324 1039 3391 POPOLVS
1064 3331 1096 3390 ct
1115 3325 1239 3390 POPV-

119 3421 189 3489 LVS
215 3429 345 3515 formas,
377 3454 513 3516 quarum
542 3432 612 3496 sola
641 3432 801 3515 posterior
828 3433 861 3497 in
889 3433 1017 3516 legibus
1046 3432 1176 3516 agraria
1209 3441 1241 3498 et

119 3537 345 3613 repetundarum
370 3543 493 3623 regnat.
539 3537 567 3601 Ε
593 3539 709 3624 quibus
738 3540 886 3604 omnibus
914 3540 1011 3603 facile
1039 3540 1240 3604 existimabis

120 3655 201 3716 quarn
222 3649 301 3710 recte
325 3645 430 3710 dicam
454 3645 603 3709 Mummii
625 3647 831 3732 lapidariam,
857 3669 929 3712 cum
953 3645 1171 3712 Hunovnls
1194 3648 1241 3711 in-

120 3741 236 3831 cidebat,
256 3753 286 3816 id
311 3773 413 3836 genus
437 3775 611 3836 occupasse
636 3755 720 3838 quod
745 3777 763 3818 a
783 3753 930 3836 proximo
950 3755 1000 3818 sui
1019 3754 1163 3838 exemplo
1185 3757 1242 3818 aut

121 3847 218 3933 Viginti
239 3863 292 3924 aut
315 3860 438 3924 maiore
462 3881 620 3925 annorum
644 3861 814 3925 intervallo
839 3860 948 3926 distet:
979 3861 1107 3945 quando
1133 3859 1241 3923 Banti-

121 3975 184 4022 num
205 3964 404 4046 plebiscitum
427 3989 486 4031 nec
510 3971 586 4031 ante
611 3991 638 4032 a.
658 3967 723 4032 625
753 3988 811 4032 nec
839 3971 914 4050 post
937 3967 1001 4032 636
1025 3967 1146 4031 factum
1170 3987 1240 4030 esse

122 4080 182 4127 cnm
210 4091 244 4136 er
273 4074 410 4138 materia
443 4075 576 4160 legis'a
608 4073 808 4139 Mommseno
849 4075 887 4139 de
919 4075 993 4139 dial.
1021 4074 1094 4137 Ital.
1122 4096 1152 4156 p.
1179 4073 1240 4140 156

122 4167 247 4240 effectum
269 4183 319 4244 est
341 4183 411 4244 tum
435 4203 473 4246 ex
496 4181 568 4264 ipso
597 4202 743 4246 sermone
768 4185 820 4246 sat
843 4185 930 4245 certo
953 4181 1161 4266 intellegitur.
1172 4179 1240 4266 ***)

196 4291 377 4404 ἦ-[Οῖ-Μου.
396 4337 482 4407 epigr.
502 4341 536 4392 tr.
557 4337 640 4407 (infra
653 4357 678 4392 n.
690 4337 726 4408 V)
745 4357 772 4409 p.
788 4345 811 4393 9.
851 4337 879 4392 G.
894 4337 951 4409 W.]

173 4416 611 4525 Qfflffipmum

214 4491 288 4563 )[Ct.
305 4513 376 4565 qnae
391 4497 461 4552 dunt
475 4499 644 4553 thschelrus
663 4498 691 4552 Ρ.
708 4499 738 4553 L.
754 4497 789 4552 M.
807 4497 836 4551 Ε.
856 4497 952 4553 Enarr.
971 4517 997 4570 p.
1010 4505 1057 4556 25:
1083 4500 1129 4554 ‘de
1147 4503 1242 4559 aelata
