3216 5082
287 353 352 416 444
450 370 485 416 ru
508 368 618 416 caess
643 367 834 416 vrssnnmnr
857 365 1038 416 rarorum
1061 365 1264 414 conuenire

181 491 188 496 .
287 513 346 578 bus
370 517 403 578 et
425 512 637 597 praeconibus
661 512 757 596 latae,
780 533 843 595 quo
868 510 996 595 quidem
1019 511 1124 595 capite
1148 515 1298 596 ageretur
1316 510 1356 575 de
1371 509 1432 576 XX

286 621 520 704 quaestoribus.

375 833 425 900 lta
449 834 601 919 quoniam
625 834 660 900 in
682 835 805 922 legem
829 832 1048 900 Corneliam
1076 833 1119 897 de
1147 833 1291 918 uiginti
1320 855 1434 918 quae·

287 941 462 1008 stoi-ibus
486 942 601 1008 incidit
623 944 735 1027 oratio,
759 944 796 1007 de
820 942 881 1007 bac
904 962 1039 1026 quoque,
1061 963 1139 1005 num
1163 940 1238 1026 quid
1262 941 1362 1004 simili
1386 945 1433 1006 at

287 1048 404 1133 quein
429 1047 573 1115 Antonia
596 1050 844 1115 ratiocinatione
872 1071 889 1112 e
913 1047 1178 1132 praescriptionis
1205 1051 1298 1132 parte
1322 1069 1434 1132 super-

287 1155 363 1220 stite
387 1155 472 1222 effici
494 1157 612 1240 possit,
634 1156 746 1240 paucis
771 1155 944 1220 videamur.
978 1153 1041 1220 Est
1063 1157 1171 1219 autem
1195 1177 1234 1220 ea
1255 1155 1433 1240 praescrip·

287 1263 333 1327 tio
357 1263 391 1328 in
415 1284 486 1328 aere
505 1261 722 1348 Neapolitano
745 1264 821 1328 talis
846 1263 973 1348 qualem
996 1262 1031 1327 in
1049 1261 1173 1327 adiecta
1191 1261 1305 1326 tabula
1324 1263 1384 1326 sub
1399 1262 1434 1326 B

287 1369 504 1435 exhibuimus:
536 1370 620 1434 unde
648 1373 753 1435 totam
780 1369 973 1454 perspicitur
1000 1369 1095 1434 unius
1118 1390 1231 1432 versus
1254 1368 1352 1452 primi
1375 1391 1434 1452 per

288 1498 399 1543 omnes
422 1476 551 1542 tabulas
574 1477 766 1561 pertinentis
791 1477 1006 1542 continuitate
1030 1474 1296 1560 comprehensam
1323 1475 1434 1540 fuisse.

287 1583 367 1649 Ilius
399 1605 511 1650 versus
548 1584 582 1648 in
613 1584 726 1648 tabula
759 1587 874 1649 octava
907 1584 1034 1649 litterae
1070 1585 1146 1647 sunt
1171 1580 1279 1666 XXII,
1312 1604 1432 1667 eaeque

288 1713 406 1778 magna
433 1691 677 1758 intervallorum
706 1691 938 1776 aequabilitate
967 1691 1121 1774 scriptae:
1157 1689 1294 1754 totidem
1323 1693 1431 1754 autem

287 1799 415 1864 litterae
438 1822 512 1865 cum
536 1801 591 1880 eis,
614 1821 697 1884 quae
711 1797 846 1863 TRIBV
865 1819 978 1864 vocem
997 1797 1124 1881 insequi
1142 1797 1177 1861 in
1199 1795 1348 1882 legitima
1370 1795 1433 1877 for-

288 1906 376 1970 mula
398 1928 527 1972 necesse
551 1907 606 1990 sit,
630 1905 892 1971 commodissime
916 1904 1094 1987 sufficiant,
1117 1905 1190 1987 ipsa
1212 1924 1298 1967 nona
1319 1902 1433 1967 tabula

288 2013 393 2097 legem
425 2013 587 2097 integram
617 2013 825 2078 terminatam
854 2033 923 2076 esse
950 2015 1020 2076 tam
1048 2009 1186 2094 simplici
1218 2031 1314 2094 quam
1343 2013 1432 2075 certo

289 2123 442 2204 computo
466 2120 611 2186 efficitur.
657 2118 756 2184 Velut
777 2117 840 2184 hoo
863 2118 1023 2202 exemplo:

337 2263 404 2329 tab.
423 2261 503 2328 VIII
585 2259 885 2328 PRINCIPIVM
899 2296 906 2310 ·
922 2259 1037 2325 FVIT
1053 2309 1060 2324 .
1074 2259 1169 2325 PRO
1184 2295 1190 2308 ·
1207 2259 1381 2324 TRIBV·

336 2389 403 2453 tab.
421 2386 520 2454 VIIII
587 2383 1380 2453 M·1VN1VS·M·F·PREIMVS·sorvlr

288 2546 373 2614 Nam
397 2570 456 2632 per
483 2571 517 2613 se
541 2569 613 2613 cum
637 2547 735 2614 liceat
762 2569 840 2612 sane
868 2547 1035 2632 quodlibet
1061 2568 1181 2612 nomen
1208 2545 1337 2631 longius
1361 2545 1433 2610 sub

289 2655 431 2738 elicuere,
454 2657 602 2719 tament
603 2677 656 2718 am
674 2654 818 2740 longum,
842 2677 906 2740 quo
921 2655 1020 2720 etiam
1040 2655 1182 2720 decimae
1203 2652 1333 2718 tabulae
1352 2653 1433 2718 satis

288 2761 360 2845 fiat,
388 2761 540 2826 nimirum
564 2721 685 2827 fiustra
708 2785 851 2848 quaeres.
897 2761 1083 2828 Omittendo
1111 2764 1219 2826 autem
1243 2761 1433 2846 cognomine

289 2867 392 2932 satius
415 2867 515 2932 fuerit
537 2869 641 2952 legem
667 2869 830 2953 agrariam
854 2891 931 2933 annr
922 2869 1014 2933 643
1039 2866 1151 2952 (quam
1170 2867 1325 2932 Thoriam
1349 2868 1433 2932 voci-

288 2971 376 3058 tant)
404 2972 539 3058 imitari,
572 2974 662 3038 cuius
695 2973 791 3040 hodie
824 2979 954 3059 superat
955 2997 988 3040 es
1020 2975 1065 3040 ini
1068 2975 1149 3040 tium
1180 2975 1260 3040 haec
1292 2973 1434 3039 servarit

282 3077 499 3162 princiPIVM
519 3115 525 3128 ·
544 3078 1235 3160 FVIT·Q·FABIVS·Q·F·PRIMVS
1255 3116 1261 3130 ·
1282 3078 1434 3164 SOIVI'I,

289 3209 386 3272 quam
409 3191 591 3270 temporum
615 3187 796 3252 discrimine
819 3192 977 3254 remotam
1002 3188 1186 3266 Quinetiam
1212 3188 1367 3254 addendo.
1391 3225 1433 3234 -

288 3292 410 3359 Verum
435 3293 533 3359 etiam
557 3294 595 3358 de
619 3298 742 3380 septem
761 3295 881 3360 tabulis
899 3295 1062 3380 prioribus
1081 3295 1214 3380 aliquid,
1237 3315 1433 3380 quamquam

289 3423 355 3467 non
388 3400 539 3487 multum,
571 3401 703 3466 calculis
736 3406 822 3468 reete
855 3402 1021 3468 subductis
1053 3401 1211 3486 proficias.
1262 3400 1433 3466 Formulae

288 3509 481 3575 necessitate
503 3513 670 3594 reguntur,
693 3531 775 3594 quae
798 3511 832 3575 in
850 3511 871 3574 l.
892 3510 1035 3576 Antonia
1057 3507 1335 3594 perscribebamus
1358 3511 1434 3592 post

218 3639 273 3681 ιιι
289 3620 478 3700 rogatorum
502 3617 637 3682 nomina
660 3638 759 3701 usque
783 3616 823 3682 ad
846 3613 1104 3682 PRINCIPIVM
1127 3615 1329 3682 vocabulum.
1365 3614 1434 3680 Eae

289 3727 398 3807 partes
427 3723 461 3786 in
488 3723 596 3806 priore
619 3725 765 3808 exemplo
793 3727 906 3789 nostro
939 3723 1066 3789 litteras
1095 3721 1279 3807 aequabant
1307 3722 1434 3788 circiter

288 3829 359 3914 XC,
383 3830 416 3894 in
439 3833 615 3915 posteriore
640 3829 740 3895 LXX:
765 3851 842 3916 ergo
866 3851 938 3894 cunr
962 3833 1086 3915 septem
1108 3828 1239 3894 tabulae
1263 3833 1351 3894 totae
1375 3830 1433 3894 cir-

289 3939 369 4004 citer
397 3935 499 4004 CLIV
528 3938 671 4024 capiant,
704 3937 843 4002 efficitur
872 3941 908 4002 ut
935 3941 1122 4022 rogatorum
1151 3937 1335 4001 nominibus
1362 3959 1433 4021 per-

289 4045 468 4112 scriberrdis
488 4051 545 4110 aut
563 4044 666 4110 LXIV
687 4049 743 4109 aut
762 4043 927 4108 LXXXIV
946 4045 1075 4109 litterae
1093 4043 1225 4109 relictae
1245 4043 1320 4107 sint.
1347 4041 1433 4108 Hinc

289 4154 390 4238 igitur
418 4153 533 4218 saltem
561 4151 623 4216 hoo
651 4155 738 4216 certo
767 4150 985 4237 cognoscitur,
1017 4173 1083 4216 non
1115 4151 1219 4235 magis
1247 4146 1432 4214 Corneliam

289 4281 386 4343 quam
404 4257 583 4324 Antoniam
606 4279 705 4322 unum
729 4257 896 4323 dumtaxat
918 4257 969 4322 vel
994 4257 1056 4322 duo
1079 4261 1247 4341 rogatores
1269 4254 1433 4320 babuisse.

290 4363 377 4439 Quor
398 4365 534 4444 fuerint,
557 4365 619 4429 etsi
642 4386 700 4429 sua
719 4369 833 4448 sponte
853 4363 1053 4449 intellegitur
1070 4363 1188 4430 certius
1207 4361 1332 4427 definiri
1351 4361 1433 4426 mul-

289 4471 333 4534 tis
356 4469 395 4534 de
419 4471 543 4535 caussis
561 4492 626 4536 non
643 4493 747 4555 posse,
770 4471 959 4554 praesertim
974 4471 1008 4536 in
1026 4471 1083 4535 illa
1101 4491 1198 4556 quam
1217 4469 1279 4534 iam
1295 4465 1433 4533 Momm-
