3116 5066
499 389 650 442 6166666
675 390 880 438 speramns.
1197 377 1258 442 167

129 528 160 610 6.
178 530 213 596 e.
234 531 274 598 n.
297 533 385 597 2458
411 531 458 614 [6.
478 531 502 596 1.
526 531 560 596 6.
589 531 658 597 ln.
682 532 761 618 5⁷⁷3
794 532 829 598 P.
853 532 887 598 n.
911 532 954 597 6.
973 533 1011 598 n.
1034 534 1099 600 aa.
1123 533 1260 622 6666)

128 635 330 725 BLOSIVS*)
347 641 445 724 inque
459 637 642 704 Mariniana
659 638 758 705 Insor.
773 639 848 706 Alb.
867 664 897 725 p.
912 642 932 706 3
948 639 998 722 [Ο.
1012 641 1037 706 Ι.
1052 641 1087 707 L.
1106 641 1122 706 I
1139 664 1171 707 n.
1185 643 1260 728 693,

127 742 155 806 P.
172 743 203 810 L.
220 746 261 811 M.
281 747 318 812 E.
341 748 407 812 tab.
427 745 531 811 LXXI
545 747 591 828 A]
615 745 758 812 POPILI
783 747 922 832 mittam,
945 769 983 813 ex
1007 749 1170 814 Orelliana
1193 749 1258 814 569

128 849 447 938 [61611166
471 851 565 938 v1‚1
591 875 620 919 n.
643 853 772 935 12831]
798 853 875 920 anni
899 853 1198 940 661ΡΕΒΡΕΝΑ,
1222 878 1260 922 66
1306 892 1309 904 ι

124 957 235 1045 Argiva
258 961 333 1026 anni
353 961 418 1026 663
437 959 625 1040 ΜΕΤΕΙιΟ,
648 961 676 1025 61
698 960 777 1026 fides
796 959 942 1028 LeBasio
961 961 1060 1028 Inscr.
1081 983 1128 1048 gr.
1148 966 1181 1026 et
1200 963 1257 1028 lat

125 1065 192 1131 fasc.
213 1067 234 1133 3
256 1090 288 1152 p.
311 1066 444 1153 202.**)
482 1067 543 1134 Sed
567 1067 618 1132 bis
641 1068 744 1134 multo
768 1068 896 1154 dignius
922 1068 1094 1134 observatu
1117 1071 1176 1148 est,
1199 1091 1258 1154 per

124 1191 194 1254 qnos
224 1177 392 1258 tamquam
420 1173 540 1259 gradus
572 1173 729 1259 quosdam
757 1173 798 1239 ad
826 1174 1010 1260 geminandi
1042 1175 1260 1260 frequentiam

124 1279 213 1344 tertia
236 1283 326 1346 aetas
351 1301 525 1366 progressa
547 1280 609 1346 sit:
634 1281 753 1364 qnippe
773 1281 889 1366 quain
909 1303 982 1346 aere
1001 1281 1142 1348 Bantino
1160 1283 1259 1368 gemi-

123 1390 225 1451 natum
258 1387 301 1454 sit
333 1391 461 1472 quater,
494 1409 560 1452 non
592 1386 793 1472 geminatum
827 1387 892 1453 bis:
925 1391 1039 1455 contra
1071 1389 1155 1456 mira
1182 1413 1259 1456 sane

125 1493 354 1560 consuetudinis
382 1493 594 1560 fluctuatione
617 1493 651 1558 in
673 1493 787 1558 tabula
810 1492 951 1560 Genuati
975 1497 1175 1581 geminatum
1199 1499 1258 1564 oir·
1353 1523 1356 1528 ·

123 1599 194 1664 citer
212 1601 347 1686 deciens,
371 1624 437 1667 non
460 1600 659 1687 geminatum
682 1601 756 1685 plus
780 1601 902 1667 viciens
926 1599 997 1688 (ubi
1016 1604 1154 1689 quidem,
1177 1628 1259 1690 quae

122 1711 226 1792 suapte
243 1713 362 1774 natura
381 1707 535 1792 ambigua
554 1710 639 1790 sunt,
657 1707 692 1772 in
709 1711 858 1774 neutram
878 1711 1005 1792 partem
1019 1711 1126 1775 valere
1140 1712 1257 1798 volui):

122 1814 170 1878 sod
192 1815 312 1880 iamin
336 1815 408 1898 lege
432 1813 682 1897 repetundarum
706 1813 780 1898 plus
809 1813 1026 1899 quadragiens
1050 1819 1258 1904 geminatum,

122 1941 180 1986 non
197 1922 398 2006 geminatum
421 1921 549 1986 circiter
571 1920 708 1986 viciens:
732 1921 765 1986 in
788 1919 917 2006 agraria
940 1925 1047 1988 autem
1067 1924 1190 1992 viciens
1209 1931 1259 1994 ter

122 2047 179 2093 non
208 2029 423 2113 geminatum,
451 2027 653 2113 geminatum
679 2027 753 2112 plns
781 2028 960 2114 octogiens:
988 2051 1085 2113 quam
1112 2031 1258 2100 insecuta

122 2137 165 2197 eet
185 2155 304 2220 magna
327 2133 511 2220 geminandi
540 2134 726 2199 constantia
749 2134 807 2198 illa
830 2157 926 2219 qoam
951 2133 1110 2220 Campani
1133 2137 1257 2224 lapides

122 2239 142 2304 l
163 2239 197 2305 R.
220 2240 259 2306 N.
283 2241 370 2306 3559
394 2263 463 2325 sqq.
489 2239 537 2321 [G.
560 2239 585 2304 Ι.
608 2239 643 2304 L.
667 2239 683 2304 Ι
706 2262 737 2306 6.
761 2241 826 2307 663
850 2264 923 2327 666;
947 2243 981 2308 P.
1004 2243 1039 2308 L.
1063 2243 1106 2310 M.
1129 2245 1167 2310 M.
1190 2247 1256 2312 tab.

121 2345 226 2414 LXMI.
248 2347 352 2414 LXIV
376 2348 502 2429 A-F]
527 2369 605 2432 prae
633 2369 667 2412 se
695 2347 812 2412 ferunt
857 2348 942 2413 Hinc
964 2349 1066 2434 igitur
1089 2351 1158 2416 fieri
1182 2373 1256 2418 con·

120 2453 233 2520 iectura
254 2459 373 2540 potest,
396 2455 638 2538 probabiliusne
661 2452 833 2519 admoveas
857 2453 898 2518 ad
922 2476 1041 2519 annum
1065 2457 1130 2521 620
1154 2479 1196 2522 66
1215 2459 1256 2524 ab

120 2561 223 2628 eodem
245 2583 413 2627 removeas
432 2560 648 2626 Aletrinatem
672 2561 814 2644 titulum,
837 2561 870 2624 in
890 2582 953 2644 quo
972 2583 1038 2626 non
1056 2563 1255 2646 geminatum

120 2667 158 2732 sit
178 2673 288 2754 quater
310 2671 345 2734 in
363 2667 580 2734 MACELVM
597 2667 767 2734 OPIDVM
786 2666 868 2732 ESE
892 2667 1045 2750 IOVSIT,
1068 2669 1169 2733 semel
1186 2673 1256 2734 tan·

120 2777 180 2840 torn
198 2777 397 2862 geminatum
415 2776 449 2840 in
468 2775 635 2840 OPPIDO.
677 2775 863 2860 Eademque
881 2775 1087 2841 ratiocinatio
1105 2778 1257 2860 potuerat

119 2881 207 2948 etiam
229 2883 328 2969 lapidi
353 2882 491 2948 Pollano
515 2880 676 2964 adbiberi,
699 2885 749 2946 ter
771 2902 837 2946 non
860 2881 1049 2966 gemmanti,
1072 2882 1250 2967 geminanti
1265 2911 1300 2950 vr

120 3011 281 3075 nusquam:
315 3013 410 3075 quem
443 2989 544 3054 nimia
572 2988 769 3054 liberalitate
793 2989 873 3054 satis
896 2987 1057 3054 habebam
1081 3011 1165 3056 anno
1189 2991 1255 3056 640

120 3097 250 3180 priorem
272 3098 385 3164 dicere.

199 3203 268 3271 Huc
297 3227 365 3272 non
394 3206 462 3270 levo
486 3204 612 3288 pondus
636 3204 761 3288 reliqua
784 3204 956 3268 vetustatis
980 3204 1100 3270 indicia
1124 3203 1254 3272 addunt

120 3309 203 3376 Nihil
226 3335 300 3377 sane
328 3311 471 3376 tribuam
500 3309 558 3376 OV
583 3310 765 3375 litterarum
793 3310 941 3376 societati
969 3311 1002 3376 in
1030 3309 1188 3394 IOVSIT,
1215 3311 1254 3376 de
1337 3375 1340 3381 .

169 3449 320 3456 .-—--.——

200 3523 224 3590 *)
242 3523 294 3594 [De
328 3523 396 3610 1666,
414 3521 554 3592 scriptura
587 3520 658 3590 legis
690 3519 861 3576 Puteolanae
897 3519 1254 3576 16161166611111666611666

119 3611 272 3668 Mommseni
297 3609 469 3681 exemplum,
488 3612 520 3664 61
540 3609 600 3680 ipse
623 3609 694 3664 dixit
716 3609 746 3666 P.
766 3609 796 3664 L.
817 3608 854 3663 M.
874 3611 904 3664 ll.
923 3609 1019 3665 116666.
1039 3628 1067 3680 p.
1087 3616 1118 3666 61
1140 3611 1176 3666 ed
1194 3611 1252 3665 tab.

120 3699 186 3754 LXX
199 3699 232 3756 A.
267 3699 296 3754 C.
316 3701 375 3772 W.]

184 3787 225 3857 ⁸⁸)
235 3789 296 3862 [1161
310 3805 385 3858 sane,
399 3792 432 3845 61
446 3790 528 3845 (16661
542 3787 700 3858 exemplum
714 3787 744 3842 P.
758 3785 788 3843 L.
804 3785 841 3842 M.
851 3787 883 3842 Ε.
899 3787 955 3844 tab.
965 3787 1087 3854 LxxA;
1106 3787 1139 3843 cf.
1152 3787 1179 3843 C.
1191 3789 1212 3844 1.
1222 3789 1253 3844 L.

121 3877 171 3931 ln.
195 3882 256 3946 ⁶⁹53
278 3879 326 3934 Ill.
353 3886 365 3933 1
390 3897 416 3934 n.
441 3883 501 3933 631.
523 3909 555 3919 -
578 3877 707 3933 Ceterum
726 3875 791 3932 vide
813 3891 885 3945 quae
909 3875 1021 3946 scripsit
1046 3875 1142 3931 Enarr.
1166 3894 1193 3946 p.
1218 3882 1251 3930 ol

121 3965 288 4023 Rilochelins:
320 3968 376 4022 ‘Ad
394 3967 481 4022 611666
502 3966 530 4022 C.
551 3965 666 4022 Caecilii
684 3965 792 4022 Metelli
810 3964 937 4035 Caprarii
960 3964 1252 4034 666661166666611,

121 4055 288 4112 Macedoniae
307 4057 479 4127 praefectum
498 4073 571 4112 anno
590 4062 652 4125 663,
670 4055 809 4110 referebat
826 4053 1002 4125 Borghesius.
1034 4054 1076 4109 De
1090 4071 1146 4123 666
1159 4055 1252 4109 661616

120 4144 140 4198 si
166 4143 230 4198 satis
254 4149 377 4216 constat,
400 4145 483 4200 valde
510 4145 687 4200 memorabili
714 4143 841 4213 exemplo
866 4160 923 4199 non
949 4143 1107 4213 geminatae
1129 4141 1252 4211 liquidae

121 4232 256 4290 METELO
274 4237 413 4305 scriptura
431 4235 482 4303 est,
500 4233 530 4289 id
548 4233 623 4304 quod
642 4233 823 4305 designabam
841 4231 914 4288 Mon.
934 4231 1022 4302 epigr.
1040 4233 1075 4286 tr.
1094 4249 1121 4302 p.
1140 4231 1197 4287 V..
1218 4275 1223 4287 .
1244 4273 1250 4286 .

121 4321 282 4390 Quamquam
300 4324 389 4379 multo
409 4323 494 4379 etiam
512 4323 666 4379 recentiore
685 4323 810 4393 tempore
829 4321 916 4376 semel
935 4321 1069 4390 scriptum
1087 4337 1147 4376 osse
1166 4320 1251 4376 'PVLl

124 4411 225 4464 constat
239 4413 294 4469 tab.
313 4412 453 4468 LXXXVI
466 4413 494 4467 A
512 4413 552 4482 (in
566 4412 650 4468 titulo
664 4411 815 4468 Mutinensi
833 4427 858 4466 6.
873 4417 922 4466 691
944 4408 994 4484 (G.
1010 4412 1029 4466 l.
1045 4409 1076 4464 L.
1090 4409 1103 4464 I
1118 4427 1144 4464 n.
1160 4413 1250 4482 1199)),

124 4497 276 4567 aliquotiens
288 4502 395 4558 incuria
408 4504 556 4572 peccatum
571 4503 603 4556 ut
616 4501 674 4557 tab.
689 4501 802 4557 xeno.
817 4499 944 4555 XGlllA.
960 4499 1130 4556 XCIVAG?
1156 4499 1250 4573 O.W.]
