3166 5084
247 369 287 432 12
521 397 529 410 ·
559 385 779 433 seloruauwu
803 385 1077 436 arnamrarovu.

245 530 266 607 ,
701 532 1108 540 -ssffl

341 601 1289 662 puulmmou‘rquurus'ro·vrxnauxum-aunumvmn
1364 531 1388 719 l

272 709 1365 772 auumlauruum-unumunurnmnururumumanum-cumas
1405 693 1456 755 10

246 779 250 924 Ι
523 817 1075 866 rao'rvu·svn-enarrantem·n·
1100 821 1132 867 s·
1145 821 1164 866 ι)

1576 445 1577 452 .

247 928 658 937 ....-—--.----------
910 929 1294 940 -—.-..-.-—.-.--.

1578 1245 1579 1254 .

242 1069 353 1132 Verba
375 1068 438 1152 ipsi
462 1091 537 1134 arae
560 1070 719 1154 mseripta
741 1071 795 1134 diu
819 1075 869 1134 est
892 1093 964 1136 cum
988 1070 1160 1136 Fabrettus
1184 1073 1331 1156 vulgavit
1348 1074 1388 1156 X,

242 1175 321 1258 401,
351 1176 422 1240 basi
446 1176 602 1260 inscripta
624 1177 769 1242 nondum
792 1179 1009 1243 innotuerunt.
1055 1179 1163 1264 Atque
1186 1183 1323 1263 apparet
1345 1180 1387 1245 ad

242 1281 376 1346 eandem
404 1277 591 1348 Ambi'viam
625 1284 692 1348 sive
726 1289 854 1369 gentem
889 1284 955 1349 sive
987 1284 1146 1349 familiam
1178 1283 1262 1348 huno
1291 1287 1388 1368 atque

241 1388 335 1452 illum
358 1389 490 1454 titulum
518 1391 692 1474 pertinere:
721 1395 759 1455 ut
781 1392 920 1456 fortasse
945 1391 1046 1475 ipsius
1069 1391 1191 1474 Publii,
1219 1390 1274 1475 qui
1297 1413 1387 1455 aram

241 1495 388 1560 Hermeti
412 1497 496 1581 patri
520 1499 553 1561 et
570 1497 732 1562 Iucundae
752 1499 854 1563 sorori
873 1501 1036 1582 posuerat,
1060 1497 1202 1581 Amphis
1220 1497 1388 1581 Ampliata

241 1603 358 1668 coniux
380 1604 489 1688 fuerit,
512 1604 599 1669 tilius
623 1609 732 1669 autem
756 1605 880 1670 Festus.
916 1605 965 1671 ·V.
989 1607 1009 1670 6
1033 1607 1119 1690 apud
1142 1604 1237 1670 Fabr.
1260 1627 1387 1688 expres·

241 1733 313 1776 sum
341 1715 391 1775 est
414 1711 538 1777 LXVII
565 1733 624 1796 pro
649 1711 751 1796 LXV,
780 1711 969 1798 diligentius
1000 1717 1037 1776 ut
1063 1711 1158 1777 facile
1185 1712 1389 1795 perspicitur.
1580 1736 1581 1788 l

241 1815 304 1884 Sed
324 1819 409 1903 quod
428 1819 513 1883 idem
532 1842 560 1884 v.
580 1821 598 1884 ‘l
614 1817 657 1882 P·
672 1817 823 1904 Materte)
842 1819 977 1904 praebet
994 1842 1053 1903 pro
1072 1816 1246 1904 Pruna),
1266 1817 1389 1902 diseep-
1580 1847 1581 1854 ³

240 1927 304 1991 tari
333 1926 366 1990 in
400 1927 571 2010 utramque
601 1929 727 2010 partem
754 1930 872 2010 potest.
912 1927 987 1990 Etsi
1011 1926 1097 1991 enim
1119 1926 1272 1991 libertino
1296 1930 1390 2010 patre

240 2037 317 2097 nata
349 2053 416 2097 non
452 2031 516 2096 fuit
551 2032 722 2116 libertina,
763 2037 872 2098 tamen
906 2035 1013 2117 potuit
1045 2035 1120 2098 ante
1152 2033 1387 2098 manumissum

240 2143 368 2224 patrem
391 2138 468 2222 filia,
491 2143 607 2222 postea
630 2139 758 2206 demum
778 2139 863 2204 filius
887 2139 988 2223 nasei,
1011 2140 1045 2204 in
1069 2139 1253 2240 libertatem
1278 2143 1387 2206 autem

240 2247 298 2312 illa
330 2245 427 2311 simul
466 2267 539 2310 oum
566 2245 719 2311 Hermete
757 2249 851 2331 patre
882 2248 992 2312 vocari
1025 2269 1044 2311 a
1076 2247 1192 2312 Publio
1225 2247 1388 2314 Ambivio.

208 2381 220 2407 ·
240 2355 445 2438 Quamquam
463 2375 529 2418 non
547 2352 648 2418 habet
665 2353 727 2418 hoe
745 2374 822 2418 sane
837 2353 974 2418 multum
990 2355 1241 2437 probabilitatis.
1264 2351 1389 2420 Contra

167 2509 172 2526 .
239 2463 273 2526 in
308 2461 380 2526 basi
411 2465 663 2526 commemorata
692 2461 846 2526 Ambivia
873 2459 1004 2546 Agathe
1032 2462 1159 2526 videtur
1190 2461 1319 2546 quidem
1353 2466 1389 2526 et

241 2568 396 2633 libertina
419 2567 482 2633 diei
506 2571 539 2632 et
557 2567 744 2653 Ampliatae
763 2567 839 2632 filia.
872 2565 973 2652 Atqui
992 2567 1055 2633 huo
1074 2568 1310 2633 accommodari
1328 2568 1389 2632 illa

241 2675 425 2760 explicandi
449 2676 534 2740 ratio
557 2676 704 2760 plurimis
728 2675 766 2739 de
790 2675 913 2742 caussis
936 2675 1057 2759 nequit
1101 2675 1287 2738 Tenendum
1306 2673 1390 2740 illud

240 2789 291 2848 est
314 2783 488 2868 imprimis,
515 2786 595 2846 natu
625 2783 783 2847 minorem
812 2781 963 2866 Agathou
992 2803 1088 2865 quam
1116 2779 1250 2845 Festum
1276 2775 1388 2846 fuisse.

241 2891 496 2956 Comminiscare
524 2889 691 2974 complura
718 2889 813 2972 lieet,
842 2909 924 2974 quae
949 2891 1028 2972 quot
1050 2887 1259 2952 difficultates
1283 2909 1388 2953 remo-

241 3021 315 3064 vere
344 2982 528 3080 videantur,
559 2999 611 3060 tot
637 3018 738 3062 novas
771 3001 880 3061 creent
906 2995 1119 3081 redarguique
1147 2993 1389 3059 evidentissime

240 3105 380 3190 possint:
404 3127 467 3188 quo
491 3105 655 3189 pertinent
678 3104 785 3189 etiam,
808 3127 890 3188 quae
914 3103 1036 3168 erudite
1060 3107 1093 3168 et
1116 3125 1174 3168 suo
1197 3103 1268 3167 loeo
1287 3102 1373 3186 aptis

241 3213 325 3276 sima
349 3212 388 3276 de
412 3211 573 3276 similibus
594 3210 768 3276 Fabrettus
792 3211 973 3294 disputavit
995 3233 1025 3294 p.
1046 3211 1064 3274 7
1085 3233 1153 3294 sqq.
1191 3208 1297 3274 Vnum
1317 3214 1389 3276 tan·

241 3324 310 3384 tum
333 3321 424 3404 patet
447 3317 641 3404 perfugium,
664 3321 702 3382 ut
721 3316 865 3382 Ambivii
884 3316 974 3381 Festi
998 3317 1100 3400 ipsius
1119 3315 1238 3382 liberta
1255 3315 1389 3401 Agathe

240 3429 344 3509 fuerit,
359 3447 433 3491 mon
456 3425 555 3489 fuerit
574 3424 642 3488 filia
660 3424 854 3508 Ampliatae.
883 3421 1022 3488 Constat
1041 3423 1127 3486 enim
1146 3444 1255 3488 servas
1274 3443 1386 3486 manu-

242 3533 329 3598 mitti
350 3533 472 3616 solitas,
496 3554 559 3616 quo
584 3532 624 3596 ab
640 3531 723 3616 ipsis
749 3531 812 3595 eris
837 3531 1036 3596 ducerentur.
1069 3527 1313 3594 Consectarium
1327 3532 1389 3612 est,

240 3641 308 3704 Flh
327 3675 334 3689 ·
354 3637 505 3706 CARISS
528 3661 593 3704 uon
618 3639 725 3702 valere
748 3635 824 3720 filiis
842 3637 1012 3702 carissimis
1029 3634 1108 3720 (non
1127 3635 1211 3699 enim
1232 3635 1278 3699 ita
1297 3633 1387 3719 loqui

240 3747 366 3812 licitum
389 3743 569 3832 Romanis),
593 3745 648 3810 sed
671 3747 737 3828 filio
760 3745 928 3809 carissimo.
963 3743 1106 3820 Quorum
1125 3742 1297 3806 verborum
1321 3740 1387 3804 col-

239 3853 360 3920 locatio
384 3854 542 3918 eensenda
570 3857 620 3919 est
643 3877 681 3918 ex
706 3853 808 3938 ipsius
833 3851 951 3916 affectu
973 3849 1173 3934 Ampliatae,
1197 3870 1279 3933 quae
1303 3849 1387 3912 bene

240 3961 352 4026 volens
380 3961 475 4025 nurui
504 3961 652 4045 proximo
685 3959 813 4024 vinculo
844 3957 953 4022 uxoria
986 3979 1059 4022 cum
1091 3955 1200 4020 mariti
1229 3955 1387 4018 memoria

239 4066 433 4152 iungendam
456 4071 595 4151 putaret.
615 4106 657 4112 —
677 4067 771 4132 Nune
795 4067 910 4129 autem
926 4065 1061 4129 ulterius
1085 4063 1183 4127 etiam
1202 4061 1388 4147 progredia-

240 4197 323 4258 mur,
352 4179 384 4239 et
413 4197 493 4259 quae
521 4198 602 4240 uxor
629 4175 728 4239 fuerit
750 4171 913 4236 Hermetis
942 4172 1062 4255 patris,
1095 4173 1198 4234 mater
1226 4169 1328 4255 igitur
1350 4171 1387 4236 P.

240 4281 384 4346 Ambivii
406 4281 442 4345 P.
470 4281 504 4346 F.
531 4279 705 4363 Hermetis,
733 4279 895 4363 probabili
923 4283 960 4344 ut
983 4277 1178 4344 arbitramur
1202 4278 1388 4343 coniectura

240 4391 430 4473 aperiamus.
468 4387 587 4454 Exstat
610 4387 894 4452 coniunctissimus
919 4409 991 4451 eum
1011 4389 1123 4450 nostru
1145 4385 1230 4469 apud
1249 4385 1387 4450 eundem

239 4495 430 4562 Fabrettum
458 4495 488 4559 X
497 4546 506 4580 ,
541 4497 605 4562 399
633 4493 747 4560 titulus
776 4493 840 4558 hio:
878 4489 1385 4580 Dllsmunlssvsgfeullssl-
