3216 5082
560 396 842 446 svrununnurvu
866 397 913 444 111.
1244 379 1308 444 537

163 561 288 624 nusque
316 541 573 625 respondissent,
602 540 726 625 aliquot
757 543 867 604 tamen
895 539 988 604 annis
1015 539 1195 604 interiectis
1222 542 1310 622 post·

164 667 262 730 quam
284 668 343 732 per
363 648 628 712 exercitationum
648 647 929 732 epigrapbioarum
949 647 1133 712 occasiones
1152 645 1309 710 academi-

37 767 42 778 ·
164 774 219 817 cas
242 753 302 818 illa
323 753 396 837 ipsa
415 757 531 838 ectypa
549 754 726 819 multorum
745 752 894 817 manibus
917 755 1058 817 tractata
1081 755 1177 836 atque
1201 751 1311 837 aliqua

164 880 202 922 ex
225 861 318 942 parte
340 859 459 924 detrita
477 865 564 944 sunt,
587 881 690 944 puuea
709 858 865 944 quaedam
885 859 935 922 vel
954 859 1034 922 mihi
1053 859 1105 924 vel
1125 858 1310 924 adulescen-

164 964 253 1029 tibus
285 965 366 1030 meis
399 967 509 1050 paullo
540 967 635 1031 aliter
667 966 805 1052 legenda
836 987 906 1030 esse
936 966 1007 1030 visa
1039 970 1115 1031 sunt
1144 971 1241 1051 atque
1268 967 1310 1030 ab

164 1070 260 1137 initio
283 1071 405 1137 lactum
429 1077 522 1138 esset.
558 1072 607 1138 De
631 1073 752 1138 talibus
776 1073 876 1158 igitur
896 1095 968 1138 cum
992 1073 1223 1138 intellexissem
1242 1073 1311 1137 bre·

164 1178 247 1243 viter
278 1179 472 1246 monendum
504 1202 574 1246 esse
603 1181 638 1246 in
664 1179 890 1246 Enarrationis
925 1180 1159 1265 supplementis
1187 1201 1217 1262 p.
1238 1179 1310 1263 104,

164 1287 234 1351 ficri
257 1308 324 1352 non
346 1287 454 1370 potuit
477 1288 556 1374 quin
574 1288 684 1352 eadem
703 1309 776 1352 mea
793 1286 857 1351 fide
877 1286 1070 1370 interposita
1087 1285 1310 1352 Mommsenus

163 1393 298 1458 iteraret
320 1393 401 1458 Add.
429 1416 460 1477 p.
479 1393 553 1459 553.
604 1393 694 1471 Quae
724 1393 834 1459 omnia
862 1393 923 1459 etsi
951 1415 1009 1476 per
1037 1415 1071 1457 se
1097 1393 1183 1458 levia
1209 1391 1311 1457 videri

164 1501 316 1583 possunt,
343 1502 453 1565 tamen
481 1501 632 1586 quoniam
663 1501 698 1566 in
724 1500 776 1566 his
799 1500 1005 1586 potissimum
1030 1498 1220 1584 Scipionum
1243 1521 1310 1564 mo·

164 1607 341 1690 numentis,
375 1607 402 1670 si
431 1631 542 1672 verum
569 1608 718 1673 volumus
748 1607 857 1690 fateri,
889 1629 1003 1691 reapse
1035 1607 1119 1671 nihil
1149 1607 1220 1672 leve
1252 1610 1311 1688 est,

163 1712 283 1797 nequid
307 1715 447 1799 scrupuli
467 1717 699 1800 relinqueretur
717 1715 772 1779 sed
792 1715 825 1779 in
843 1713 960 1778 dubiae
981 1713 1184 1778 coniecturae
1203 1713 1311 1777 locum

164 1823 252 1884 certa
284 1821 420 1886 scientia
452 1823 649 1905 succederet,
685 1821 835 1906 precibus
865 1821 946 1884 meis
970 1819 1206 1905 Wolfgangum
1232 1818 1311 1883 Hel·

165 1927 304 2012 bigium,
334 1929 425 1994 cuius
447 1930 513 1996 iam
537 1951 635 2014 supra
662 1927 874 1995 honorificam
903 1927 1099 1993 mentionem
1122 1926 1197 2010 feei,
1224 1925 1309 1990 haud

164 2053 260 2118 aegre
292 2035 439 2119 permovi
473 2039 509 2102 ut
536 2037 640 2102 denuo
670 2035 832 2121 lapidibus
863 2034 930 2100 illis
962 2032 1207 2118 religiosissime
1239 2053 1311 2096 mea

165 2162 281 2205 caussa
308 2143 513 2229 examinatis,
547 2143 624 2230 quid
650 2143 782 2208 tandem
810 2141 919 2207 ineis
942 2163 1055 2206 revera
1079 2139 1235 2224 scriptum
1259 2161 1309 2204 ex·

165 2250 283 2332 staret,
314 2253 384 2314 tam
411 2249 584 2336 diligenter
612 2249 761 2314 definiret
789 2253 827 2313 nt
853 2269 938 2313 nunc
961 2247 1091 2312 tandem
1113 2245 1221 2310 nullus
1244 2246 1311 2310 iam

164 2352 314 2418 videatur
327 2355 523 2422 dubitationi
536 2356 627 2422 loeus
647 2356 788 2420 relictus.
821 2353 891 2430 Qua
909 2354 941 2418 in
963 2374 1077 2418 caussa
1095 2351 1175 2416 illud
1195 2352 1311 2416 laetari

164 2459 241 2524 licet
268 2462 353 2546 quod
381 2463 519 2546 singulis
547 2461 627 2526 locis
655 2461 687 2526 id
715 2462 836 2545 ipsum,
868 2460 954 2545 quod
983 2481 1052 2524 esse
1079 2481 1190 2524 verum
1218 2460 1311 2524 intel-

164 2568 285 2634 lectum
314 2573 376 2654 est,
408 2571 441 2634 in
469 2569 550 2653 ipsis
578 2568 700 2633 tabulis
723 2566 943 2652 lithographis
967 2567 1178 2649 conspicitur,
1210 2588 1309 2630 vanas

165 2696 235 2738 esse
263 2698 344 2761 quae
375 2681 451 2762 post
477 2679 573 2740 natae
603 2679 679 2740 sunt
710 2675 759 2739 vel
788 2674 1008 2739 dubitationes
1041 2673 1091 2737 vel
1115 2673 1310 2756 suspitiones

167 2803 278 2847 omnes
303 2784 463 2868 apparuit.
496 2783 587 2859 Quod
610 2786 647 2847 ut
670 2782 743 2847 aliis
768 2803 894 2866 quoque
917 2803 1049 2864 prorsus
1073 2779 1311 2865 persuadeatur,

165 2887 253 2970 ipsas
276 2889 404 2956 litteras
427 2890 641 2976 Helbigianas
665 2888 750 2954 infra
772 2889 938 2971 ponendas
962 2887 1048 2953 duxi.

322 2997 472 3064 ‘Endlieh
492 2997 548 3063 bin
566 2997 620 3062 ich
639 2997 684 3062 im
700 2994 820 3062 Stande
839 3017 997 3082 genesen,
1021 2995 1082 3061 den
1100 2995 1163 3060 mir
1182 2995 1310 3060 ertheil·

232 3107 287 3169 ten
310 3105 453 3189 Austrag
476 3104 608 3170 betreffs
627 3105 683 3169 der
702 3102 1067 3187 Scipioneninschriften
1086 3102 1311 3167 ausaufithren.

232 3211 284 3276 Da
306 3213 384 3276 awei
408 3213 464 3278 der
487 3209 697 3295 lnsehriften,
725 3211 805 3274 {lber
827 3209 949 3274 welche
973 3208 1026 3274 sie
1048 3209 1214 3274 Auskunft
1241 3233 1310 3275 ver-

233 3318 379 3402 langten,
411 3319 446 3382 in
478 3315 731 3382 betriichtlieher
762 3315 856 3380 H‘dhe
889 3317 1109 3399 eingemauert
1141 3317 1212 3380 sind
1244 3316 1310 3380 und

233 3421 328 3486 lreine
352 3423 408 3487 der
430 3423 475 3486 im
489 3421 646 3486 Arsenale
669 3421 724 3484 des
747 3421 993 3485 vatilranischen
1007 3420 1171 3484 Museurns
1190 3421 1310 3486 befind-

233 3527 342 3592 lichen
364 3527 495 3593 Leitern
522 3529 572 3591 dic
600 3525 828 3591 hinreichende
851 3526 962 3611 Liinge
985 3525 1091 3609 hatte,
1120 3527 1253 3593 dauerte
1277 3551 1311 3592 es

233 3635 338 3719 lange,
361 3635 412 3700 bis
435 3635 486 3700 die
509 3657 581 3700 zum
601 3632 850 3718 Hinaufsteigen
874 3633 1010 3718 nbthige
1028 3633 1223 3700 Erlaubniss
1247 3637 1311 3700 und

232 3739 341 3805 Leiter
364 3742 513 3828 gelielert
536 3741 677 3806 wurden.
695 3779 738 3786 —
760 3740 840 3806 Was
859 3739 910 3804 die
933 3761 997 3806 von
1015 3739 1117 3805 Ihnen
1140 3741 1311 3827 gestellten

233 3847 360 3933 Fragen
383 3848 520 3932 betrifft,
548 3870 583 3913 so
608 3848 734 3914 scheint
757 3849 820 3912 mir
842 3847 926 3912 nach
949 3847 1005 3910 der
1028 3868 1091 3911 von
1114 3847 1177 3912 mir
1200 3868 1311 3932 vorge·

234 3977 428 4020 nommenen
452 3975 598 4040 genauen
616 3954 762 4040 Prdfung
785 3955 837 4020 die
860 3953 926 4019 alte
944 3952 1087 4038 Lesung,
1110 3953 1172 4019 wie
1191 3954 1238 4018 sia
1257 3953 1315 4018 auf

233 4063 330 4127 lhren
345 4060 460 4129 Tafeln
475 4061 645 4145 erscheint,
664 4061 883 4126 allenthalben
898 4059 1069 4144 endgr'lltig
1082 4059 1311 4125 festznstehen.

233 4169 422 4254 Allerdings
450 4167 593 4234 belindet
621 4167 688 4233 sich
718 4191 760 4232 an
782 4169 867 4232 allen
889 4167 965 4232 funs
985 4165 1123 4250 Stellen,
1154 4167 1235 4232 tiber
1261 4167 1311 4231 die

234 4276 287 4344 Sie
311 4279 481 4364 anfragen,
504 4275 737 4362 irgendwelehe
751 4276 943 4362 Vertiefung
966 4275 1011 4339 im
1035 4272 1153 4354 steine,
1176 4295 1213 4338 so
1236 4272 1311 4339 dass

234 4385 286 4450 die
313 4385 536 4471 Betrachtung
568 4385 624 4449 der
650 4383 931 4468 Papierabdrttcke
963 4383 1038 4448 sehr
1070 4380 1155 4446 wohl
1187 4403 1225 4448 zu
1255 4381 1312 4446 der

234 4492 461 4580 Vermuthung
479 4493 596 4560 filhren
613 4493 714 4576 lrann,
738 4513 771 4556 es
790 4490 875 4556 habe
894 4489 1121 4576 ursprttnglieh
1140 4489 1192 4554 ein
1206 4488 1311 4555 Buch-
