3246 5082
313 363 379 428 272
634 381 680 428 nu
703 379 902 428 momnmvs
925 377 1137 428 nmrnuuuss

312 522 434 588 cultata
459 521 635 609 expediam,
657 545 723 589 non
746 479 876 589 hercule
899 523 1125 609 mythologum
1148 541 1257 607 agens,
1280 520 1336 586 scd
1358 540 1462 606 gram·

312 629 477 694 matium.

395 650 476 802 iton
504 739 580 801 sunt
608 741 716 803 autem
743 759 780 804 ae
810 738 939 803 litterae
966 758 1026 821 pro
1053 735 1259 821 diphthongo
1285 733 1462 817 habendae,

313 842 369 907 scd
402 842 589 908 ordiendum
622 866 641 909 a
677 844 921 928 quadrisyllaba
949 841 1163 908 Satturnus
1199 841 1313 908 forma.
1363 839 1462 908 Cuius

312 949 521 1034 explicandae
545 950 661 1036 duplex
684 951 737 1016 via
759 955 859 1036 patet.
894 949 982 1016 Nam
1006 971 1078 1015 cum
1101 948 1268 1014 verissime
1285 948 1353 1013 iam
1366 947 1461 1013 Butt-

312 1077 450 1122 mannus
479 1059 613 1124 eandem
641 1080 712 1124 esse
739 1058 908 1124 nominum
936 1057 971 1122 in
999 1078 1116 1122 urnus
1145 1059 1179 1120 et
1207 1076 1320 1120 arnus
1349 1076 1462 1120 exeun·
1600 1057 1601 1136 ᾗ

311 1163 394 1228 tium
418 1165 580 1232 rationem
599 1166 726 1250 viderit,
749 1167 867 1252 quippe
886 1187 953 1232 non
974 1164 1095 1230 maiore
1114 1184 1212 1247 quam
1231 1163 1317 1227 inter
1339 1161 1484 1228 undus·

285 1273 346 1334 aer
374 1271 493 1337 andus
520 1273 767 1339 terminationes
791 1272 989 1358 discrimine,
1022 1275 1093 1336 tum
1116 1268 1314 1354 aliquotiens
1337 1267 1460 1334 suffixis

313 1373 365 1460 (ut
388 1399 460 1443 cum
484 1381 708 1465 grammaticis
731 1379 861 1466 loquar)
884 1363 955 1446 illis
973 1401 1041 1445 non
1065 1382 1141 1444 sunt
1159 1375 1351 1461 simpliciter
1369 1396 1461 1442 voca-

312 1482 461 1548 bulorum
486 1486 603 1571 stirpes
627 1491 741 1554 auctae
769 1491 807 1552 ut
832 1488 867 1552 in
894 1487 1074 1552 diurnus
1102 1489 1331 1552 noct-urnus
1355 1483 1460 1548 Volt-

311 1611 428 1656 urnus
455 1591 683 1661 hodi-ornus
712 1594 930 1679 bib-ornus,
963 1593 1019 1658 sed
1045 1595 1183 1677 utraque
1210 1613 1286 1676 pars
1313 1591 1460 1656 immissa

310 1695 342 1760 it
370 1699 498 1784 syllaba
525 1702 712 1769 consociata
740 1706 778 1768 ut
804 1703 840 1768 in
871 1700 1134 1766 aer-it-ernus
1167 1697 1460 1782 semp-iterans

310 1802 550 1874 hes-t-ernus
574 1805 673 1894 (quod
697 1813 748 1874 est
771 1831 809 1874 ex
831 1807 1091 1876 hesitemus
1113 1805 1134 1870 i.
1151 1826 1177 1870 e.
1196 1803 1460 1870 her-iterans

310 1913 522 2001 coartatum):
554 1916 639 1982 inter
672 1939 753 2002 quae
781 1917 844 1982 duo
873 1936 992 2002 genera
1020 1912 1174 1998 ambiguo
1202 1911 1273 1978 loco
1301 1915 1352 1976 est
1378 1910 1460 1976 diu·

311 2021 461 2104 turnus,
498 2026 613 2108 utpote
646 2028 703 2089 aut
734 2045 752 2088 a
781 2023 1006 2090 diat-urnus
1040 2023 1153 2086 natum
1186 2017 1291 2104 (cuius
1323 2017 1459 2105 stirpem

309 2123 394 2189 diut
425 2125 526 2192 habes
559 2127 593 2192 in
631 2129 779 2194 diutius
817 2124 1009 2216 diutinus)
1047 2130 1105 2194 aut
1140 2149 1159 2192 e
1192 2125 1460 2192 dimit-urnus.

309 2229 424 2316 Itaque
457 2233 550 2300 licuit
581 2234 768 2320 profectoe
798 2237 839 2300 st
867 2235 981 2320 stirpe,
1018 2233 1102 2298 unde
1134 2234 1245 2298 attus
1276 2231 1460 2318 profectum

309 2335 406 2423 (quae
430 2343 600 2406 attenuata
622 2341 751 2408 demum
773 2363 795 2407 a
822 2342 926 2408 vocali
954 2340 1086 2406 transiit
1113 2340 1147 2406 in
1174 2337 1307 2425 stro),
1337 2339 1460 2423 fingere

309 2443 555 2514 Sia-tt-urnus
584 2449 635 2514 vel
659 2447 899 2534 Stsslt-urnus
922 2447 1075 2530 formam,
1099 2467 1182 2530 quae
1205 2445 1380 2512 contactis
1404 2467 1458 2510 vo

308 2554 431 2622 calibus
455 2558 586 2643 regulae
605 2557 800 2624 necessitate
818 2556 974 2622 transiret
992 2555 1028 2618 in
1042 2552 1239 2619 Saturnus.
1270 2550 1330 2618 Cui
1348 2556 1458 2617 tamen

307 2661 427 2728 rationi
453 2665 562 2731 nescio
590 2688 632 2731 an
660 2664 764 2730 altera
790 2662 871 2730 haec
898 2665 1054 2747 praestet,
1086 2662 1124 2724 ut
1151 2659 1254 2724 solam
1275 2679 1292 2724 c
1313 2659 1457 2725 litteram

308 2768 458 2853 copulam
477 2771 624 2836 vocalem
642 2772 734 2836 illam
749 2766 909 2855 (vocalem
924 2766 1143 2854 copulativam
1162 2765 1331 2850 appellant
1344 2764 1457 2854 vulgo)

307 2873 558 2960 interpretemur
575 2877 764 2962 plerumque
783 2879 943 2941 mutatam
962 2875 1042 2960 ini,
1061 2874 1150 2940 cuius
1170 2876 1238 2938 tam
1257 2873 1323 2938 late
1341 2877 1456 2959 patens

306 2979 341 3044 in
355 2979 469 3067 lingua
482 2983 588 3049 latina
605 3007 682 3050 usus
701 2983 772 3049 fuit
803 2981 874 3058 Qua
892 2982 1009 3068 copula
1032 2981 1135 3047 ascita
1157 2979 1268 3046 eadem
1292 3003 1333 3046 sa
1356 2981 1456 3065 stirps

307 3107 379 3150 cum
403 3090 465 3154 tus
490 3090 729 3176 terminatione,
752 3112 816 3174 qua
833 3089 903 3154 fieri
921 3087 1094 3174 participia
1111 3085 1226 3172 lingua
1243 3087 1357 3174 voluit,
1379 3087 1456 3154 coiit

307 3193 342 3257 in
370 3195 554 3279 stt-tus,
581 3194 665 3262 unde
694 3197 921 3261 salit-urnus
944 3198 1059 3260 natum
1080 3196 1119 3257 ut
1142 3192 1321 3260 diurnus
1349 3198 1454 3261 noct-

306 3321 422 3366 urnus
459 3301 525 3386 vel,
563 3303 648 3387 quod
684 3303 784 3368 etiam
820 3300 967 3386 propius,
1006 3301 1261 3385 tacit-urnus,
1296 3301 1361 3366 uisi
1392 3301 1454 3367 hoc

307 3429 433 3495 quoque
453 3409 499 3474 sic
517 3409 637 3493 potius,
659 3409 930 3492 tacit-urnus,
953 3407 1174 3493 dispescueris.
1198 3407 1267 3473 Iam
1286 3431 1362 3474 vero
1381 3429 1452 3474 cum

308 3515 466 3582 vocalium
495 3536 684 3582 concursum
712 3515 839 3603 fugeret
865 3516 992 3601 lingua,
1028 3515 1119 3602 optio
1152 3515 1229 3580 data
1261 3519 1331 3582 erat
1357 3517 1394 3580 ut
1420 3514 1454 3579 in

305 3621 456 3706 plurimis
484 3622 557 3688 aliis
586 3625 643 3688 aut
670 3622 961 3690 contrahendarum
991 3621 1149 3688 vocalium
1179 3625 1236 3688 aut
1263 3619 1452 3688 exterendae

306 3728 438 3794 alterius
467 3729 581 3794 utrius.
626 3728 710 3795 Illud
738 3729 839 3816 igitur
865 3729 987 3795 factum
1018 3729 1131 3794 estin
1158 3725 1362 3812 saturnus,
1390 3727 1451 3793 hoc

304 3835 339 3900 in
363 3837 473 3900 sistus
496 3837 530 3899 et
549 3835 623 3900 inde
641 3835 810 3904 derivatis:
834 3859 897 3922 quo
916 3837 955 3901 fit
972 3839 1009 3902 ut
1027 3835 1162 3902 offensio
1182 3835 1288 3902 omnis
1307 3837 1451 3900 mutatae

304 3942 477 4028 prosodiae
500 3939 672 4008 dilabatur.
717 3942 786 4009 Nec
810 3943 934 4028 desunt,
957 3964 1039 4028 quae
1062 3941 1158 4008 fidem
1179 3943 1255 4009 huic
1278 3941 1449 4008 ratiocina-

305 4048 388 4116 tioni
411 4047 543 4134 faciant,
566 4049 617 4114 vel
641 4050 781 4136 gemella
803 4050 854 4115 vel
878 4050 990 4116 affinia
1013 4053 1169 4134 quantum
1193 4051 1282 4116 satis.

395 4155 443 4223 Ac
466 4157 606 4242 primum
630 4157 758 4244 quidem
780 4157 944 4224 hiantium
972 4157 1149 4224 formarum
1172 4181 1236 4224 non
1260 4161 1311 4224 cst
1333 4157 1450 4224 miran-

304 4262 381 4329 dum
404 4264 495 4330 nulla
518 4265 666 4351 exempla
693 4287 746 4331 eas
774 4265 1017 4350 coniugationes
1047 4263 1254 4349 suppeditare
1278 4287 1359 4350 quae
1382 4285 1451 4330 ver·

305 4369 419 4437 borum
452 4373 570 4458 stirpes
601 4395 617 4439 c
649 4376 683 4438 et
713 4373 727 4436 i
762 4373 928 4438 vocalibus
960 4371 1151 4436 terminatas
1184 4371 1451 4456 complectuntur.

305 4479 396 4557 Quod
422 4485 534 4548 contra
556 4481 637 4547 haec
665 4479 765 4546 habes
793 4480 828 4544 in
854 4501 893 4544 ea
919 4499 1001 4562 quae
1025 4477 1064 4542 ad
1087 4499 1110 4541 a
1132 4478 1277 4543 vocalem
1300 4477 1450 4562 pertinet,
