3166 5084
807 1294 885 1378 ΙΙΙ.

488 1449 600 1553 Legis
629 1451 800 1534 Rubriae
828 1473 921 1555 pars
949 1454 1211 1556 superstent

545 1576 619 1644 (cum
639 1575 746 1631 duabus
765 1575 868 1631 tabulis
887 1576 1139 1648 lithographisffi).

244 1826 254 1863 1
359 1807 501 1876 Laeana
524 1809 718 1875 Rvnrrrrar
742 1811 826 1895 quod
852 1812 978 1896 uocaui,
1002 1833 1083 1897 quae
1106 1835 1164 1896 per
1188 1814 1360 1900 sexaginta
1383 1818 1423 1878 et

270 1913 355 1999 quod
379 1915 503 1981 excedit
527 1939 628 1982 annos
652 1917 704 1982 lex
728 1915 881 1983 Galliae
905 1918 1120 2002 cisalpinae
1144 1919 1195 1984 vel
1219 1920 1328 2003 paullo
1353 1920 1421 1985 sal-

268 2025 335 2086 tem
361 2023 480 2088 rectius
513 2023 556 2088 de
584 2021 717 2089 Gallia
749 2024 943 2108 cisalpina
976 2024 1039 2090 dici
1066 2025 1166 2090 solita
1195 2030 1261 2110 est,
1288 2026 1321 2090 id
1346 2049 1420 2092 non

269 2103 364 2194 modo
384 2128 576 2212 defensione,
600 2129 655 2194 sed
673 2153 714 2194 ne
733 2131 939 2198 excusatione
959 2131 1088 2216 quidem
1113 2131 1330 2198 modestiaeve
1349 2135 1419 2218 aig-

267 2235 455 2301 nificatione
471 2236 598 2302 videtur
612 2236 710 2302 hodie
724 2259 826 2324 egere.
854 2238 885 2304 N
888 2243 1127 2324 ampostqaam
1143 2238 1180 2304 G.
1194 2239 1228 2306 F.
1243 2239 1416 2306 Pvcnrar:

267 2341 353 2408 felici
382 2343 561 2428 sagacitate
594 2343 794 2428 patefactum
827 2349 878 2410 est
904 2346 939 2410 in
967 2342 1304 2411 Commentationibua
1332 2347 1416 2412 iuris

266 2485 478 2496 ——..

355 2553 380 2623 *b
409 2555 605 2626 [Programma
637 2555 828 2611 academicum
862 2555 1007 2612 Bonnense
1040 2557 1107 2610 anni
1140 2561 1220 2611 1851:
1260 2558 1417 2614 ‘Natalicia

266 2644 463 2714 augustissimi
487 2645 572 2716 Regis
594 2645 728 2701 Friderici
752 2645 884 2701 Guilelmi
907 2647 959 2700 IIII
962 2687 1057 2701 .....
1081 2645 1126 2700 die
1149 2645 1200 2700 XV
1223 2664 1259 2703 m.
1284 2646 1415 2702 Octobris

265 2749 290 2788 a.
306 2731 503 2790 clalocccni
517 2735 737 2790 edneelebranda
750 2734 850 2789 indicit
863 2734 893 2792 F.
908 2734 962 2802 Β),
978 2733 1158 2803 singulariter
1176 2733 1216 2788 sio
1235 2733 1413 2804 inscriptum:

267 2821 361 2892 ‘Legis
380 2822 502 2877 Rubriae
520 2841 585 2892 pars
605 2825 753 2892 superstes.
773 2823 809 2878 ad
827 2823 910 2877 fidem
925 2822 997 2877 aeris
1011 2822 1168 2878 Parmensis
1182 2824 1311 2894 exemplo
1324 2823 1414 2876 litho-

263 2909 371 2980 graphc
382 2909 592 2980 exprimendam
601 2909 711 2966 curavit
719 2911 800 2965 aba!
816 2909 924 2980 (Neque
934 2910 1017 2980 enim,
1027 2905 1210 2967 utRitschelii
1220 2912 1307 2981 ipsias
1318 2911 1412 2966 verbis

264 2999 335 3066 utar,
349 2997 481 3068 indignas
490 2997 565 3054 visas
576 3001 620 3055 est
629 2998 861 3070 praestantissimi
871 3000 1043 3055 monumenti
1054 3000 1130 3056 baud
1138 3001 1262 3070 vulgaris
1272 3001 1413 3072 splendor,

264 3086 312 3155 qni
336 3086 509 3142 laetissimae
528 3088 746 3158 opportunitatis
767 3083 944 3144 academicae
964 3089 1105 3158 splendori
1124 3089 1292 3160 inserviret.)
1332 3089 1410 3144 Idem

264 3175 358 3243 paullo
373 3179 438 3244 post
452 3176 624 3246 bibliopolae
638 3175 812 3231 Berolinensi
827 3177 859 3232 G.
875 3177 1036 3232 Trautwein
1052 3179 1082 3246 (Ι.
1095 3177 1261 3250 Guttentag)
1275 3180 1410 3234 traditum

263 3261 291 3316 in
305 3263 449 3333 publicum
462 3263 568 3335 prodiit
583 3263 720 3334 singulari
735 3264 847 3333 quidem
862 3263 1046 3334 inscriptione
1061 3267 1181 3333 servata,
1196 3267 1245 3321 sed
1259 3266 1411 3337 praemissa

263 3352 316 3407 hac
335 3352 520 3410 dedicatione:
543 3352 731 3408 INCLVTAE
750 3353 753 3426 l
769 3353 1032 3408 nrrrnaravn·
1050 3353 1096 3407 ab
1113 3384 1119 3396 ·
1135 3354 1403 3428 screarrravbrp

262 3439 498 3498 scannulla-
518 3441 655 3498 aberra
671 3473 677 3484 ·
696 3442 828 3498 BOIOAE
849 3445 853 3510 1
874 3441 1093 3498 FRIDEItIOVS
1113 3473 1119 3484 ·
1139 3443 1376 3498 RI'I'SCHIILIVS
1403 3446 1407 3516 l

262 3531 286 3585 D
307 3562 313 3573 ·
332 3531 378 3585 D·
400 3533 422 3586 L
443 3561 448 3574 ·
471 3531 500 3590 M
520 3535 524 3602 Ι
545 3530 658 3586 GRATI
685 3531 1053 3597 -vunaaravrebrava
1074 3535 1079 3602 Ι
1100 3533 1207 3588 ANIMI
1229 3563 1234 3575 ·
1255 3531 1408 3587 TESTII'I-

262 3619 386 3674 CANDI·
398 3619 535 3676 CAVSSA
554 3621 620 3691 (fuit
639 3621 713 3675 enim
732 3639 757 3678 a.
779 3626 847 3676 1850
866 3622 1027 3677 academiae
1047 3621 1149 3677 Boieae
1168 3621 1259 3676 socias
1279 3625 1408 3677 externus

261 3708 429 3764 Ititscbelius
453 3709 619 3781 adscriptus)
644 3710 797 3779 additoque
821 3711 946 3766 auctario
971 3729 998 3780 p.
1020 3717 1052 3766 15
1071 3715 1100 3768 et
1122 3711 1153 3766 in
1171 3711 1225 3764 fine
1244 3711 1409 3781 significatis

260 3797 301 3852 eis
320 3815 391 3868 quae
410 3800 438 3854 iu
461 3799 552 3854 Musei
577 3799 705 3854 Rhenani
729 3799 784 3854 vol.
809 3799 874 3852 VIII
893 3817 919 3868 p.
940 3804 992 3853 298
1012 3817 1071 3868 sqq.
1092 3801 1121 3854 et
1138 3804 1191 3853 448
1212 3817 1271 3870 sqq.
1291 3799 1326 3853 ad
1341 3816 1407 3854 ean·

260 3887 324 3944 dern
342 3877 434 3958 legem
458 3889 616 3959 spectantia
633 3889 803 3944 Ritsohelius
822 3889 930 3943 interea
948 3888 1147 3958 disputaverat.
1186 3887 1266 3942 Nune
1289 3888 1352 3942 vide
1376 3887 1406 3946 O.

260 3977 280 4032 l.
302 3977 331 4034 L.
352 3979 364 4033 I
383 3996 408 4032 n.
428 3983 480 4032 205
498 3993 525 4048 p.
543 3983 606 4045 1173
625 3977 655 4032 P.
675 3979 706 4032 L.
725 3977 761 4034 id.
782 3977 813 4034 E.
833 3978 890 4033 tab.
910 3976 1014 4030 XXXII
1029 3981 1058 4032 et
1071 3977 1167 4032 Enarr.
1182 3995 1209 4047 p.
1224 3981 1266 4032 28.
1304 3977 1407 4048 C.W.]

347 4065 388 4134 **)
409 4065 587 4138 [Exemplum
614 4066 689 4136 quod
711 4067 740 4121 in
763 4065 868 4122 tabulis
891 4067 950 4120 let
973 4066 999 4120 ll
1021 4065 1173 4121 adiecimus
1195 4066 1407 4136 lithograpbum

259 4173 314 4212 non
333 4155 408 4210 idem
434 4155 569 4224 estquod
588 4155 652 4209 huie
672 4155 706 4210 de
724 4155 787 4224 lege
806 4155 911 4210 Rubria
930 4155 1159 4210 commentationi
1177 4155 1306 4208 adhaesit
1319 4157 1345 4224 (e
1359 4155 1407 4211 de·

259 4244 410 4300 lineatione
429 4260 484 4298 non
504 4243 572 4298 satis
596 4247 729 4300 accurata
746 4243 817 4298 illud
837 4246 1019 4314 expressum),
1042 4243 1091 4298 sed
1110 4243 1260 4313 repetitum
1280 4261 1313 4298 ex
1331 4261 1408 4300 nova

258 4334 356 4389 tabula
388 4349 471 4402 quam
505 4335 655 4389 secundnm
687 4333 792 4388 formas
824 4336 954 4388 stanneas
987 4331 1059 4387 aeris
1092 4331 1248 4387 Parmensis
1282 4331 1407 4390 effictam

258 4421 347 4476 edidit
369 4420 538 4476 Ritachelius
561 4422 590 4478 Ρ.
615 4421 645 4476 L.
669 4421 706 4476 M.
731 4421 761 4476 a.
786 4421 844 4476 tab.
865 4420 980 4487 xxxm
1010 4419 1073 4475 vide
1096 4418 1171 4474 infra
1192 4419 1406 4477 adnotationem

257 4509 293 4564 ad
306 4527 333 4578 p.
349 4513 391 4563 38.
428 4508 457 4564 Ο.
477 4509 534 4581 W.]
