3246 5074
294 389 359 454 554
530 404 675 452 Persona
699 403 923 451 narrumsrrs
947 402 1206 450 aeroasruronn

242 569 246 578 ·
294 547 422 614 silentio
441 547 717 632 praetermiserat,
740 546 826 632 quod
843 550 919 631 post
937 545 1067 611 demum
1085 567 1123 610 ex
1137 545 1284 610 Henneni
1301 545 1338 610 in
1351 545 1440 610 ‘Bul-

293 653 421 719 lettinc'
446 653 532 720 arch.
555 654 647 719 Rom.
670 677 699 718 a.
720 655 805 720 1863
833 677 863 739 p.
885 654 948 719 123
976 653 1163 718 narratione
1192 651 1297 719 didici.
1349 653 1438 729 Quae

212 759 214 763 ’
240 780 283 820 xv
295 759 380 824 enim
404 760 532 825 litterae
556 760 661 824 versui
685 761 780 824 alteri
808 760 986 826 adhaerent
1009 757 1129 844 ALIN,
1159 781 1214 824 eas
1238 759 1320 824 scire
1342 781 1438 827 nemo

292 869 423 951 poterat
445 866 574 932 omnino
598 887 665 931 non
688 888 757 932 esse
784 868 817 932 in
846 889 921 932 arae
944 869 1037 951 parte
1060 867 1168 932 antica
1198 867 1350 952 scriptas,
1383 867 1438 932 sed

293 974 328 1038 in
357 974 459 1039 latere
486 975 601 1039 dextro
630 975 829 1059 superstites.
876 974 969 1052 Quod
998 974 1025 1038 si
1058 977 1108 1039 est
1135 974 1196 1052 ita,
1227 995 1359 1039 neccsse
1389 979 1439 1040 est

291 1082 364 1166 ipso
390 1079 530 1146 l'lh'l'RI
558 1080 715 1146 vocabulo
742 1081 911 1146 terminari
938 1079 1143 1145 latitudinem
1170 1081 1274 1165 partis
1301 1081 1438 1168 antisse,

293 1189 333 1252 ab
358 1187 438 1272 ipsis
458 1187 564 1252 Ath
586 1188 706 1252 litteris
730 1187 870 1252 exordiri
890 1189 976 1252 latus
996 1187 1156 1252 dextrum:
1179 1193 1333 1274 ectypum
1352 1190 1438 1255 enim

293 1295 510 1376 chartaceum,
533 1295 624 1359 cuius
646 1316 831 1360 mensuram
854 1294 1007 1380 religiose
1029 1294 1178 1360 imitatus
1207 1296 1437 1382 estlithogre-

293 1400 391 1484 phus,
414 1401 567 1485 quoniam
590 1424 655 1466 uua
673 1401 889 1466 continuitate
911 1424 970 1486 per
992 1405 1163 1486 utrumque
1182 1403 1268 1468 latus
1287 1404 1437 1488 pertinet,

293 1508 425 1572 minime
449 1509 651 1595 intellegitur
669 1508 726 1593 qui
744 1508 814 1572 fieri
832 1509 937 1593 possit
956 1512 992 1574 ut
1009 1509 1095 1574 inter
1113 1505 1252 1574 PATRI
1271 1513 1304 1574 et
1322 1509 1437 1596 ALIN,

292 1635 374 1698 quae
397 1637 431 1679 se
456 1615 613 1681 vocabula
635 1615 690 1680 vix
713 1615 780 1680 ullo
803 1615 976 1680 intervallo
995 1615 1174 1700 excipiunt,
1197 1614 1249 1680 vel
1267 1616 1323 1680 uni
1342 1614 1364 1680 S
1383 1617 1435 1682 lit

292 1726 380 1785 terae
404 1721 455 1786 vel
479 1722 578 1787 cuivis
598 1722 655 1802 alii
673 1721 763 1786 locus
783 1721 835 1786 sit.
864 1721 936 1788 Hoc
954 1721 1056 1806 igitur
1074 1721 1235 1807 quomodo
1256 1723 1437 1806 expediant,

291 1826 432 1894 viderint
454 1828 518 1894 alii.
563 1827 668 1894 Nobis
691 1851 757 1894 una
779 1829 814 1894 in
837 1833 990 1914 promptu
1013 1829 1199 1894 coniectura
1223 1833 1287 1914 est,
1309 1852 1374 1915 qua
1397 1829 1436 1895 ad

291 1936 373 2018 legis
402 1957 512 2000 sacrae
536 1936 767 2021 cogitationem
796 1935 951 2002 ducamur
979 1935 1014 1999 in
1040 1935 1141 2000 latere
1165 1935 1277 2001 dextro
1301 1936 1437 2020 positae,

292 2041 381 2106 cuius
410 2041 514 2125 primo
543 2063 638 2106 versu
666 2041 824 2106 sancitum
855 2042 953 2106 hierit
980 2039 1021 2107 ad
1049 2064 1129 2126 quos
1157 2042 1207 2107 ius
1235 2042 1331 2108 huius
1362 2065 1436 2109 arae

291 2147 475 2232 pertineret,
499 2147 601 2212 altero
615 2147 752 2211 vetitum
766 2147 801 2211 in
815 2147 898 2212 hanc
917 2147 1104 2213 formulam:
1128 2146 1278 2214 hul-Ne
1297 2150 1436 2230 saducto

291 2251 543 2342 (sacruficanto).
588 2254 888 2338 interpunctionem
911 2255 1028 2320 saltem
1053 2276 1095 2319 ne
1117 2255 1153 2320 in
1175 2254 1283 2321 fronte
1307 2256 1435 2341 quidem

197 2363 202 2378 '
291 2362 374 2446 lapis
396 2361 498 2427 ullam
521 2361 626 2448 novit3
649 2363 695 2427 oti
718 2364 826 2428 autem
849 2384 909 2446 pro
928 2363 987 2427 ulii
1007 2361 1149 2428 formam
1168 2362 1248 2428 satis
1267 2385 1372 2446 nuper
1389 2363 1435 2428 in·
1505 2393 1509 2402 ·

291 2467 502 2535 lustravimus
521 2489 635 2534 comm.
649 2467 688 2536 de
707 2467 786 2534 decl.
803 2469 860 2534 lat.
878 2466 1006 2534 recond.
1025 2493 1054 2553 p.
1069 2469 1107 2533 19
1120 2471 1232 2554 [supra
1250 2492 1280 2554 p.
1289 2470 1356 2534 462
1366 2473 1434 2554 sq.].

757 2668 968 2676 ---—--—-

379 2789 415 2854 In
432 2789 543 2854 eadem
566 2789 701 2854 tabula
714 2789 772 2854 ΙΙΙ
788 2788 909 2872 [XVII]
926 2811 1006 2874 quos
1027 2789 1087 2854 sub
1102 2788 1200 2856 0-,1
1213 2791 1346 2856 exhibui
1365 2813 1434 2875 sep-

291 2877 358 2961 tem
385 2897 566 2962 breviculos
595 2897 735 2962 titulos
765 2897 1006 2980 sepulcrales
1033 2898 1113 2962 item
1142 2896 1435 2980 Praenestinos,

292 3025 347 3068 sos
361 3024 427 3067 non
441 3003 510 3067 sine
525 3004 634 3090 aliqua
648 3001 867 3086 discrepantia
881 3025 954 3068 cum
967 3003 1089 3069 ibidem
1104 3004 1145 3068 ab
1161 3003 1272 3069 eodem
1281 3003 1434 3069 Henneno

156 3103 162 3114 ’
291 3132 322 3193 p.
344 3110 407 3173 124
429 3109 613 3193 publicatos
636 3110 703 3174 ridi
725 3113 796 3174 tum
821 3133 840 3174 a
863 3108 1038 3176 Garruccio
1066 3112 1167 3176 lectos
1191 3111 1293 3195 ipsius
1316 3110 1435 3175 litteris

291 3215 535 3281 humanissimis
558 3217 677 3282 certior
699 3217 806 3283 factus
830 3240 910 3282 sum.
939 3219 984 3283 Et
1006 3219 1041 3282 in
1058 3219 1093 3282 Ε
1108 3217 1238 3302 quidem
1262 3239 1334 3282 cum
1353 3216 1435 3282 Η

292 3344 326 3389 se
349 3322 467 3408 legisse
490 3345 550 3406 pro
574 3321 662 3389 O·F
687 3323 880 3390 Garruccius
904 3329 1023 3408 narrat,
1047 3325 1107 3389 etsi
1129 3346 1195 3390 non
1219 3328 1307 3390 caret
1329 3345 1434 3388 exem-

290 3430 354 3514 plis
382 3429 458 3494 talis
482 3429 510 3495 G
533 3431 612 3496 nota
640 3428 744 3517 (velut
773 3431 840 3496 illis
869 3454 951 3516 quae
978 3435 1091 3495 contra
1118 3431 1214 3495 fidem
1243 3434 1434 3513 ectyporum

291 3536 538 3622 tabularumque
570 3541 756 3602 nostrarum
788 3537 822 3602 P.
851 3537 887 3602 L.
914 3537 956 3602 M.
985 3537 1022 3601 a.
1054 3535 1130 3601 LVI
1149 3537 1183 3601 E
1213 3541 1246 3602 et
1278 3535 1368 3602 LXV
1394 3537 1436 3601 10

283 3642 373 3708 'miro
397 3642 533 3708 consilio
556 3641 775 3708 Mommscnus
800 3642 1001 3708 oblitteravit
1024 3639 1058 3708 Ο.
1072 3642 1097 3707 I.
1112 3640 1146 3706 L.
1165 3641 1182 3707 I
1199 3663 1230 3706 n.
1246 3643 1320 3708 623.
1344 3640 1435 3729 571),

290 3755 402 3816 tamen
434 3750 489 3834 qui
521 3750 704 3834 exemplum
731 3749 977 3835 lithographum
1009 3749 1201 3834 inspexerit,
1234 3748 1330 3814 facila
1357 3749 1435 3832 quid

290 3857 457 3922 Garruccii
480 3855 592 3922 oculos
614 3856 729 3922 fallere
751 3855 908 3941 potuerit,
934 3855 1111 3939 intelleget.
1136 3892 1174 3902 —
1201 3853 1323 3920 Contra
1345 3860 1434 3921 certo

290 3965 409 4032 certius
438 3967 577 4028 estnon
605 3984 700 4047 posse
727 3965 762 4028 in
783 3963 820 4028 F
844 3963 883 4027 de
905 3963 1009 4029 nihilo
1034 3983 1103 4028 esse
1127 3963 1212 4048 quod
1236 3957 1434 4028 FLAVTIO

289 4071 415 4138 nomini
438 4071 659 4155 praemittitur
684 4066 704 4134 b
727 4091 938 4155 praenomen,
970 4069 1060 4135 ouius
1088 4069 1216 4134 nullum
1246 4067 1309 4132 sibi
1337 4068 1434 4134 vesti·

291 4179 379 4264 glum
408 4179 596 4264 apparuisse
624 4177 817 4243 Garruccius
845 4177 982 4270 scribit,
1019 4176 1058 4241 In
1085 4175 1228 4242 eiusdem
1255 4173 1345 4240 tituli
1372 4174 1434 4240 fine

290 4282 461 4349 Henzenus
484 4281 622 4350 M·Fll
649 4283 716 4348 sive
739 4283 821 4368 legit
844 4284 912 4350 sive
935 4281 1141 4349 aOicerchia
1163 4282 1283 4348 lectum
1301 4281 1434 4366 accepit,

291 4389 376 4474 quod
399 4391 445 4456 sic
469 4391 632 4476 supplevit
650 4386 903 4476 ‘M·Ferl(?)':
926 4390 1014 4456 haud
1032 4395 1176 4476 gravate,
1199 4389 1263 4454 nisi
1281 4385 1434 4469 fallimur,

293 4497 467 4584 largiturus
496 4497 530 4562 iu
558 4495 665 4584 lapide
692 4496 934 4582 interpunctum
962 4493 1151 4564 Met-s
1182 4517 1253 4561 esse
1283 4492 1433 4577 supplen-
