3246 5082
514 401 722 449 narruonvn
746 401 1011 462 lnnovrssnns.
1269 385 1335 450 275

189 542 370 627 persuadet.
403 541 493 617 Quae
516 545 677 628 prosodia,
701 544 728 608 si
752 545 935 610 trochaicus
954 565 1066 609 versus
1085 546 1248 608 essetnec
1267 565 1334 608 cor-

190 654 304 733 ruptus
336 649 481 734 gravius,
519 651 641 715 servari
673 651 718 716 sic
750 655 894 736 potarat:
928 651 1116 735 ‘uectigalia
1136 651 1147 734 ΙΙ
1169 649 1336 735 Le'gerunt

189 761 300 822 uestra
322 759 356 820 et
378 759 550 822 seruantur
573 758 686 822 statim
710 807 824 824 .....
826 758 836 786 ’
874 757 936 824 Sed
960 781 1031 824 esse
1054 763 1239 842 corruptum
1263 780 1335 842 par·

190 865 252 928 tim
280 861 464 948 Madvigius
495 863 619 928 viderat
647 863 761 948 Opusc.
790 866 887 948 prior.
914 889 945 950 p.
964 866 1016 948 93,
1049 865 1169 949 partim
1196 863 1278 928 vidit
1300 865 1335 928 in

190 969 355 1054 prooemio
380 970 457 1035 anni
479 971 573 1054 1849,
596 971 682 1055 quod
705 973 756 1036 est
778 972 817 1035 dc
841 969 1000 1056 Sotadeis,
1028 969 1255 1036 Lachmannus
1279 968 1335 1035 So·

192 1077 323 1142 tadeum
346 1077 432 1142 hunc
455 1077 662 1142 conformans
686 1078 749 1161 p.7
772 1078 901 1163 [Opuse.
925 1078 958 1142 II
981 1101 1012 1162 p.
1027 1079 1081 1160 72]
1107 1077 1193 1143 haud
1217 1078 1336 1161 impro-

191 1184 336 1249 babilem
359 1183 394 1248 in
417 1187 510 1248 tanta
533 1185 730 1249 obscuritate
755 1185 950 1250 sententiae:

323 1317 506 1402 Vectigalia
530 1319 662 1402 egerant
684 1321 807 1402 uestra,
832 1319 864 1382 et
887 1322 1055 1384 struantur
1078 1319 1199 1384 statim.

192 1451 284 1516 Alter
303 1451 396 1516 testis
415 1451 551 1536 prodeat
569 1451 728 1536 Donatus,
750 1451 785 1516 in
802 1451 1008 1518 Phormionis
1029 1475 1140 1518 versus
1156 1451 1196 1537 V,
1210 1454 1239 1537 3,
1255 1453 1275 1517 6
1291 1473 1337 1536 sq.

192 1557 238 1623 sic
262 1557 361 1622 scribi
384 1557 514 1622 solitos:
547 1556 715 1623 ‘Tntsitum
739 1581 815 1623 nam
839 1581 877 1624 ex
900 1559 952 1624 his
976 1560 1118 1642 praediis
1141 1561 1266 1625 tale‘nta
1289 1581 1338 1624 ar·

191 1665 282 1750 genti
307 1662 384 1728 bina
406 1663 417 1748 ΙΙ
440 1661 560 1728 Statim
583 1653 741 1748 capiebat.
780 1665 869 1749 hem,
900 1664 950 1730 uir
973 1667 1043 1730 uiro
1073 1665 1150 1750 quid
1173 1663 1338 1749 praestat?

192 1769 306 1835 Binan'
331 1769 486 1855 quae‘sol'
509 1770 589 1836 haec
613 1775 847 1837 commentatus
872 1795 891 1838 a
914 1767 1183 1838 Lindenbruchio'
1199 1770 1338 1854 primum

192 1877 294 1942 edita:
319 1875 444 1942 ‘statim
463 1877 626 1962 capiebat]
651 1879 785 1944 statim
809 1883 974 1964 perpetuo,
998 1878 1176 1964 aequaliter
1195 1882 1228 1942 et
1247 1877 1339 1962 quasi

193 2006 257 2049 uno
282 1987 379 2048 statu.
416 1983 565 2048 Plautus:
588 1986 636 2049 ita
659 1985 772 2050 statim
795 1989 883 2050 stant
902 1986 1004 2070 signa.
1032 1991 1065 2050 ot
1083 1985 1181 2050 habet
1199 1983 1340 2068 primam

192 2091 335 2175 longam.
377 2091 504 2174 quando
529 2095 633 2155 autem
664 2092 828 2177 significat
851 2093 939 2157 aliud
964 2094 1019 2174 [an
1042 2093 1169 2176 ilico?],
1201 2091 1340 2176 primam

193 2198 325 2263 breuem
347 2195 468 2261 haber?
515 2196 603 2273 Quae
628 2197 874 2264 Westerbovius
902 2200 1086 2283 suspicatur
1108 2197 1232 2264 Donati
1255 2219 1339 2262 com-

193 2303 360 2368 mentariis
385 2325 402 2366 e
421 2301 529 2368 Nonio
554 2303 680 2369 demum
707 2306 891 2389 accessisse,
914 2306 969 2390 qui
988 2305 1068 2370 haec
1087 2304 1197 2388 posuit
1215 2327 1245 2387 p.
1260 2303 1339 2367 393:

194 2409 340 2476 ‘statim
374 2409 530 2494 producta
558 2412 664 2494 prima
691 2412 816 2496 syllaba
845 2435 864 2476 a
893 2412 1007 2477 stando
1036 2414 1282 2496 perseueranter
1309 2415 1341 2474 et

195 2517 374 2603 aequaliter
403 2515 573 2600 significat.
620 2517 804 2584 Terentius:
833 2519 911 2583 bina
938 2517 1062 2582 talenta
1086 2515 1252 2600 capiebam
1276 2519 1340 2580 sta·

193 2624 265 2689 tim.
311 2622 445 2689 Plautus
471 2623 685 2706 Amfitryone:
714 2645 774 2688 nec
797 2623 919 2688 recedit
940 2623 1012 2688 loco
1036 2623 1114 2708 quin
1137 2623 1250 2688 statim
1272 2644 1341 2687 rem

195 2735 295 2817 gerat.
324 2730 409 2794 idem
432 2729 467 2793 in
491 2729 616 2794 eadem:
640 2729 689 2794 ita
712 2729 825 2794 statim
845 2733 934 2794 stant
953 2729 1047 2814 signa
1066 2728 1183 2794 omnia.
1216 2727 1341 2793 Ennius

150 2869 153 2876 ¹
195 2835 309 2902 Aiace:
346 2837 401 2921 qui
433 2857 502 2900 rem
534 2857 606 2900 cum
640 2835 777 2901 Achiuis
810 2839 982 2920 gesserunt
1015 2836 1137 2900 statim.
1187 2834 1341 2899 Afranius

195 2944 343 3028 Augure:
376 2964 571 3028 quamquam
599 2965 664 3007 non
691 2943 763 3008 istis
793 2928 959 3008 eiercetur
986 2943 1021 3007 in
1045 2941 1126 3006 locis
1156 2941 1209 3006 hic
1232 2943 1343 3006 noster

196 3049 365 3114 delaborat
388 3071 461 3114 cum
485 3071 564 3134 puer
588 3049 720 3114 statim?
763 3049 851 3127 Quae
876 3049 1022 3134 exempla
1046 3048 1155 3115 omnia
1178 3069 1216 3112 eo
1240 3046 1343 3111 curio·

196 3157 264 3222 sius
288 3155 494 3241 expendenda
522 3159 598 3220 sunt
621 3157 828 3242 singillatim,
860 3179 923 3242 quo
952 3157 1056 3242 magis
1085 3154 1201 3220 mirum
1225 3153 1344 3220 accidit

197 3285 268 3330 esse
291 3264 325 3328 in
349 3263 395 3328 eis
419 3262 544 3328 nullum
573 3285 636 3348 quo
663 3263 842 3328 necessitas
870 3261 1092 3346 producendae
1122 3261 1268 3345 syllabae
1291 3260 1343 3323 de·

198 3373 404 3453 monstretur,
427 3369 585 3453 quaedam
605 3370 684 3434 adeo
705 3391 787 3454 quae
806 3367 1019 3453 refragentur.
1043 3365 1143 3431 Velut
1158 3367 1234 3450 quid
1249 3365 1344 3431 Plau-

198 3477 269 3541 tino
292 3477 324 3542 in
349 3476 588 3561 Amphitruone
613 3499 705 3542 versu
728 3475 755 3560 I,
777 3477 802 3558 l,
826 3475 888 3539 120
911 3473 1080 3558 probatur:

242 3606 304 3675 'Ita
327 3611 439 3675 statim
463 3612 552 3675 stant
574 3607 668 3694 signa
690 3629 794 3692 neque
817 3629 880 3674 nox
905 3609 1067 3692 quoquam
1090 3603 1237 3670 concedit
1260 3605 1320 3690 die,

199 3745 289 3810 cuins
322 3743 417 3809 initio
452 3765 524 3809 cum
557 3743 739 3823 ὀξυτόνηειε
771 3740 938 3827 spondiaci
971 3738 1122 3804 vocabuli
1153 3737 1234 3802 nibil
1268 3757 1345 3802 sane

199 3851 386 3917 offensionis
411 3849 545 3933 habeat,
574 3854 609 3913 at
631 3848 738 3912 minus
762 3848 908 3931 profecto
931 3846 1032 3911 habet
1053 3845 1251 3909 iambicum?
1283 3843 1345 3908 Vel

199 3959 271 4042 ipso
295 3956 504 4040 Terentiano,
537 3958 564 4020 si
592 3956 621 4020 is
650 3977 687 4019 eo
716 3977 779 4039 quo
808 3954 933 4020 codices
962 3954 1125 4018 testantur
1155 3951 1251 4016 initio
1283 3949 1346 4014 fuit

200 4061 331 4129 ‘Statim
352 4062 535 4147 capiebat'?
566 4060 668 4146 Atqui
687 4059 740 4124 hic
759 4083 825 4125 non
844 4063 894 4125 est
914 4079 990 4124 sane
1009 4057 1072 4120 levi
1090 4055 1250 4120 factarum
1269 4055 1344 4120 olim

200 4173 369 4237 turbarum
397 4170 516 4235 indicio
540 4168 625 4254 quod
653 4167 781 4232 inverso
804 4165 916 4230 ordine
941 4162 1110 4246 ‘Capie‘bat
1133 4159 1256 4226 statim’
1279 4161 1345 4228 No·
1361 4179 1386 4220 1³

200 4279 273 4342 nius
298 4276 453 4362 prodidit,
476 4273 609 4340 tametsi
632 4273 718 4358 apud
741 4272 876 4336 eundem
899 4294 929 4354 p.
948 4271 1014 4335 254
1037 4267 1162 4332 ‘statim
1185 4267 1345 4352 capiebat'

202 4387 253 4448 est
275 4387 312 4448 ut
335 4384 369 4447 in
384 4381 587 4446 Terentianis
612 4380 713 4444 libris.
752 4377 815 4443 Sed
837 4381 947 4442 tamen
972 4379 1023 4440 sat
1046 4375 1139 4459 gravi
1158 4373 1239 4440 illud
1257 4396 1346 4441 cans·

203 4513 257 4555 saa
288 4489 440 4554 Bentleio
472 4488 534 4553 fuit
568 4509 625 4552 cur
656 4485 838 4552 rectissimo
872 4505 923 4547 me
954 4483 1058 4549 iudice
1091 4503 1187 4548 sensu
1219 4487 1347 4547 servata

1080 4591 1133 4643 18*
