3116 5066
285 354 347 418 104
660 368 812 414 rrrvuvs
836 367 1056 415 uvnnrsuvs.

280 509 511 578 HERCVLRS
535 508 700 576 VICTOR
723 533 822 594 supra
845 510 1011 594 scriptum.
1041 511 1165 575 Deinde
1188 511 1271 575 nihil
1294 531 1439 574 caussae

280 619 344 682 fuit
375 640 431 682 cur
464 640 529 683 nou
562 621 777 682 mercatorum
807 619 945 700 patrono
974 601 1106 682 Herculi
1140 617 1347 702 simpliciter,
1379 617 1441 680 sed

281 723 409 789 Victori
439 724 646 808 potissimum
676 722 809 788 Herculi
839 727 950 808 grates
979 725 1240 808 persolverentur
1270 723 1312 788 ad
1346 745 1442 789 com-

282 830 439 895 meroium
463 837 495 896 et
517 830 774 916 negotiationem
798 831 902 894 solam
921 831 1133 914 pertinentes:
1156 853 1233 896 nam
1251 830 1365 915 dispar
1387 834 1443 894 est

281 936 325 1002 M.
349 936 477 1002 Octavii
505 937 662 1002 Herennii
690 939 879 1003 mercatoris
908 937 991 1020 apud
1019 936 1220 1004 Macrobium
1243 938 1344 1020 ratio,
1380 937 1442 1022 qui
1550 977 1551 992 .

186 1085 188 1090 ·
281 1045 413 1110 Herculi
436 1043 563 1110 Victori
587 1044 698 1108 aedem
729 1047 761 1108 at
792 1046 921 1130 signum
944 1049 1115 1128 propterea
1138 1066 1282 1110 sacrasse
1305 1043 1442 1122 dicItur,

283 1153 368 1237 quod
386 1173 408 1216 0
419 1151 630 1234 praedandas
647 1151 868 1215 cirueneventus
883 1152 1051 1232 fortissime
1068 1153 1252 1234 repnpnaott
1268 1156 1298 1216 01
1313 1153 1444 1216 vietor

282 1260 404 1324 recessit
430 1259 575 1322 Herculis
605 1277 704 1338 opera.
750 1257 919 1322 Postremo
947 1278 987 1322 ne
1015 1257 1104 1322 fuere
1132 1257 1261 1342 quidem
1289 1258 1325 1322 in
1355 1258 1443 1322 urbe

285 1365 388 1431 Reate
411 1363 553 1430 Victoris
586 1362 737 1428 Herculis
768 1385 876 1446 sacra,
909 1367 1065 1447 quantum
1094 1386 1134 1428 ex
1162 1364 1442 1448 inscriptionibus

284 1471 434 1537 Reatinis
465 1471 666 1556 intellegitur
694 1469 745 1534 vel
768 1468 951 1534 PATREM
974 1469 1211 1536 REATINVM
1234 1471 1442 1536 testantibus

286 1583 323 1643 ut
346 1576 542 1642 Gruteriana
565 1599 596 1660 p.
620 1576 676 1660 96,
700 1577 720 1641 8
744 1576 841 1660 (quae
864 1575 899 1640 in
921 1575 1062 1641 Manutii
1086 1576 1333 1663 Orthographia
1357 1579 1443 1643 anni

211 1687 375 1752 1001566
404 1685 527 1750 frustra
555 1679 737 1768 quaeritur)
762 1683 832 1746 coll.
861 1705 932 1747 eum
956 1681 1124 1768 Angelott.
1147 1706 1177 1768 p.
1202 1685 1261 1767 43,
1289 1684 1443 1751 Fabrett.

285 1817 315 1878 p.
338 1793 392 1876 30,
415 1789 588 1856 Schenard.
611 1812 642 1873 p.
664 1791 696 1873 1,
718 1790 770 1854 rel
793 1786 1038 1854 HEROVLRM
1067 1790 1258 1874 simpliciter
1282 1795 1319 1856 01
1344 1790 1442 1857 Grut.

286 1923 316 1984 p.
341 1898 420 1981 315,
451 1899 470 1964 6
500 1898 573 1963 coll.
597 1918 669 1961 cum
698 1895 820 1960 Manut.
845 1895 959 1970 Quaes.
989 1917 1046 1978 per
1075 1917 1123 1978 cp.
1155 1919 1186 1980 p.
1211 1896 1291 1980 110,
1319 1896 1444 1982 Angel.

287 2029 318 2090 p.
342 2007 394 2089 44,
419 2003 593 2072 Schenard.
616 2027 646 2087 p.
671 2004 714 2069 82
738 2025 798 2086 sq.‚
827 2003 878 2067 vel
902 2002 995 2068 IOVI
1018 2001 1253 2070 MINERVAE
1277 2002 1444 2070 FORTV-

288 2111 380 2177 Nau
405 2111 564 2176 sociatum
590 2109 832 2176 Schenardiana
854 2134 884 2195 p.
911 2112 959 2176 12.
1002 2111 1092 2187 Quae
1115 2133 1187 2177 curn
1212 2112 1360 2194 1100101,
1385 2118 1446 2178 001

288 2219 405 2283 1011001
424 2219 533 2282 omnia
553 2223 609 2282 001
628 2217 703 2282 belli
723 2217 836 2282 ducem
854 2221 887 2282 et
905 2217 1134 2301 imperatorem
1149 2217 1261 2284 addita
1274 2217 1444 2285 VICTOR

288 2349 350 2390 vor
370 2325 516 2409 intellegi
536 2325 636 2406 iubet,
656 2323 762 2408 qualis
780 2323 889 2390 nullus
910 2347 1063 2408 umquam
1078 2323 1207 2388 Munius
1226 2324 1303 2389 fuit:
1327 2348 1444 2410 quam·

290 2455 384 2518 quam
419 2432 458 2495 de
492 2431 602 2498 nescio
621 2451 700 2514 ‚qua
722 2429 877 2494 Parthica
908 2430 1047 2495 victoria
1079 2429 1170 2495 Lucii
1197 2429 1302 2495 Munii
1331 2433 1444 2518 Ange

289 2542 393 2606 lottus
417 2526 567 2606 somniet.
604 2535 690 2602 Hinc
713 2537 813 2621 igitur
837 2535 991 2621 estquod
1011 2558 1027 2600 0
1047 2534 1218 2620 Pomponii
1241 2540 1278 2601 01
1302 2543 1445 2621 apparet
1550 2529 1551 2608 1

291 2649 477 2714 coniectura
500 2646 598 2711 lacius
616 2643 752 2709 mairolas
770 2643 898 2708 Marsus
918 2643 1068 2727 prodidit,
1086 2641 1244 2709 LVOIVS
1263 2641 1445 2710 MVMIVS

156 2785 165 2800 ·
292 2755 326 2818 in
350 2752 474 2818 Metelli
501 2756 538 2816 01
565 2751 691 2815 videtur
720 2749 848 2814 schedis
877 2748 1033 2814 Gruterus
1061 2751 1220 2834 repperit:
1249 2771 1315 2834 quo
1338 2772 1446 2834 prope

294 2861 417 2924 accedit
447 2859 590 2924 Manias
623 2879 688 2922 una
719 2878 793 2920 cum
825 2856 960 2921 Manius
992 2879 1011 2919 a
1044 2855 1190 2922 Victoria
1223 2856 1392 2940 prolatum
1428 2880 1446 2922 0

169 3043 177 3058 .
294 2964 412 3048 lapide.
445 2963 530 3028 Nam
555 2985 651 3048 quam
674 2963 811 3046 proclivi
831 2984 946 3046 errore,
969 2963 998 3026 01
1017 2963 1144 3046 quando
1163 2964 1196 3028 in
1215 2963 1448 3048 antiquissima

293 3073 352 3136 illa
375 3071 536 3154 scriptura
558 3072 724 3135 dexterum
748 3070 852 3134 femur
871 3067 905 3131 M
924 3068 1052 3132 litteras
1076 3069 1252 3151 evanuerit,
1275 3069 1311 3134 M
1330 3091 1391 3154 pro
1413 3070 1445 3136 N

294 3179 461 3254 habeatur,
484 3177 517 3240 in
541 3178 713 3260 propatulo
738 3180 795 3240 001.
842 3177 1034 3260 1001000001
1055 3177 1154 3240 ctiam
1173 3175 1372 3240 contrarium
1393 3199 1446 3242 ac-

295 3284 382 3368 cidit,
407 3283 505 3366 velut‚
528 3283 592 3347 nisi
616 3283 715 3346 fallor
738 3281 845 3366 animi,
869 3283 903 3346 in
927 3281 1132 3348 nobilissimo
1152 3283 1388 3366 epigrammate
1410 3283 1445 3349 L.

297 3389 441 3456 Cornelii
475 3389 635 3474 Scipionis
664 3387 720 3455 Cn.
748 3389 769 3455 f.
794 3387 850 3455 On.
880 3411 912 3454 n.
943 3387 1193 3472 haudquaquam
1220 3387 1306 3453 —dum
1334 3413 1444 3474 persa-

295 3496 421 3582 nato.*)
467 3495 566 3562 Cuius
598 3501 759 3562 extremus
783 3499 959 3561 versiculus
988 3517 1060 3560 cum
1083 3495 1161 3560 talis
1185 3517 1255 3560 esse
1279 3497 1444 3562 tradatur:

295 3603 357 3669 NE
373 3639 379 3652 ·
395 3602 632 3680 QVAIRATIS
650 3640 655 3652 ·
671 3601 852 3668 HONORR
870 3599 882 3688 11
901 3601 1006 3678 QVEI
1022 3599 1198 3666 MINVS·
1214 3599 1298 3666 SIT·
1312 3599 1445 3670 ’1100

297 3711 395 3776 adeso
418 3711 453 3774 in
477 3714 631 3796 quattuor
652 3711 833 3775 litterarum
859 3709 1045 3774 ultimarum
1069 3710 1143 3774 sede
1167 3731 1342 3794 marmore,
1366 3733 1445 3776 non·
1550 3705 1551 3712 ¹

227 3831 230 3838 '
297 3819 373 3884 dum
396 3817 462 3882 vidi
486 3817 542 3902 qui
566 3839 604 3880 ex
627 3817 683 3881 illo
703 3814 902 3880 MANDotus
920 3811 981 3900 (sic
999 3814 1084 3878 enim
1105 3815 1298 3900 supplerunt
1316 3815 1445 3901 omnes)

297 3927 364 3991 ullo
384 3925 479 3990 modo
499 3923 702 4009 probabilem
723 3923 772 3986 vel
793 3925 990 3986 structuram
1011 3921 1057 3986 vel
1080 3921 1274 3986 sententiam
1294 3923 1446 3989 efficeret.
1550 3981 1551 4008 ,

388 4121 412 4188 ⁸)
432 4119 526 4190 [Nunc
544 4117 621 4173 edito
640 4114 669 4170 C.
689 4115 709 4170 I.
729 4115 759 4168 L.
778 4115 790 4167 l
809 4133 835 4168 n.
855 4121 902 4184 34;
925 4115 1321 4182 liniamentorum.
1342 4116 1374 4170 Ε.
1390 4117 1446 4172 tub.
1550 4115 1551 4138 ¹

299 4207 361 4261 XLI
370 4205 539 4262 K.Ceterum
561 4205 686 4261 conferas
706 4220 778 4273 quae
800 4203 834 4257 de
852 4203 905 4257 hoc
929 4203 1132 4273 epigrammate
1147 4200 1304 4271 disputavit
1319 4205 1446 4260 Ritsche·

299 4295 353 4350 lius
367 4295 396 4349 in
410 4295 498 4351 Musei
515 4297 604 4350 Rhen.
620 4299 640 4349 t.
656 4295 718 4348 XIV
734 4293 818 4362 (inira
831 4311 858 4346 n.
873 4292 947 4359 XlV)
961 4310 989 4361 p.
1004 4297 1056 4346 405
1070 4291 1134 4346 adn.
1150 4294 1178 4345 et
1191 4289 1221 4344 in
1230 4291 1377 4360 prooemio
1392 4293 1446 4348 ind.

301 4382 386 4439 schol.
403 4385 498 4440 aestiv.
514 4382 779 4450 Βοο0.1860,00100
794 4383 989 4451 argumentum
1005 4379 1153 4450 repetitum
1170 4378 1255 4434 estin
1270 4379 1300 4434 P.
1318 4379 1349 4435 L.
1363 4381 1401 4438 M.
1417 4381 1446 4434 Ε.
1550 4415 1551 4434 1

303 4472 398 4528 Euan.
418 4490 444 4542 p.
465 4479 499 4526 34
518 4489 558 4540 sq.
596 4471 626 4527 C.
645 4471 701 4542 W.]
