3254 5090
267 385 333 450 436
427 403 464 450 ru
488 402 600 453 nasas
624 405 815 454 vrsnnumn
838 406 1023 455 snronmu
1048 407 1250 457 consumam

266 544 406 610 breviari
429 548 607 630 potuerint:
631 549 846 632 reputandum
871 554 1002 614 estnec
1026 551 1108 616 talia
1131 551 1236 618 inesse
1258 574 1339 636 quae
1363 553 1414 616 vel

266 652 300 716 in
328 653 390 718 hac
417 653 488 739 lege
516 655 568 720 vel
595 656 629 719 in
657 657 873 720 monumentis
892 656 1063 726 ¹similibus
1094 661 1188 722 notas
1216 657 1311 723 facile
1334 657 1415 724 reci-

264 759 358 842 piant
381 757 522 846 (praeter
545 760 602 825 ills
626 762 753 847 quidem
778 761 857 826 ΤΗ·
873 762 948 827 PL·
977 767 1010 827 et
1032 761 1209 846 Dus-s,
1233 784 1314 847 quae
1338 768 1416 828 sunt

265 864 510 954 diversissima),
529 891 566 932 ac
584 891 624 932 ne
644 870 690 934 sic
709 869 838 953 quidem
857 869 924 933 ullo
944 869 1082 934 artificio
1102 868 1186 933 effici
1206 873 1243 934 nt
1257 870 1295 934 ad
1313 871 1414 934 trium

264 973 451 1039 tabularum
474 977 644 1060 angustias
669 977 768 1040 totius
797 975 955 1040 ambitum
982 977 1145 1061 plebisciti
1176 999 1319 1060 revoces,
1348 977 1415 1059 sed,

265 1083 549 1167 cumplurimum,
577 1083 617 1147 ad
641 1084 739 1149 trium
763 1089 796 1148 et
819 1084 984 1166 dimidiae,
1012 1085 1065 1169 qui
1093 1085 1162 1168 ipse
1185 1107 1336 1150 numerus
1360 1107 1414 1149 ex·

264 1211 338 1272 pers
362 1195 411 1254 est
433 1191 579 1256 rationis.
613 1189 735 1266 Quodsi
758 1190 944 1255 habitorum
965 1191 1170 1256 comitiorum
1189 1191 1296 1257 locum
1316 1195 1414 1276 atque

265 1294 350 1360 diem
373 1297 518 1380 potuisse
543 1297 626 1361 adici
645 1297 846 1381 ratiocinere,
871 1297 946 1382 quid
966 1296 1040 1361 inde
1059 1297 1316 1362 consectarium?
1345 1297 1415 1363 Aut

264 1401 370 1485 ipsum
395 1403 635 1487 quaternarium
659 1425 829 1468 numerum
852 1403 1037 1468 tabularum
1062 1403 1250 1487 complebis,
1273 1405 1413 1468 sednon

264 1507 328 1572 nisi
352 1509 448 1574 certis
472 1509 621 1574 admissis
645 1509 765 1574 litteris
789 1511 1017 1594 singularibus,
1041 1515 1097 1575 aut
1121 1510 1257 1594 augebis
1281 1510 1321 1574 ad
1344 1511 1413 1594 qui-

264 1615 408 1700 narium,
432 1621 488 1681 aut
510 1639 621 1682 rursus
645 1617 686 1680 ad
708 1616 908 1682 dimidiatam
929 1617 1074 1682 tabulam
1093 1617 1239 1681 relabere
1257 1621 1413 1700 quattuor

262 1721 398 1808 integris
423 1724 580 1789 additam:
614 1725 653 1788 de
677 1725 794 1809 tribus,
823 1747 903 1809 quas
926 1725 1062 1808 periisse
1090 1745 1221 1789 necesse
1246 1724 1302 1808 sit,
1329 1725 1412 1790 nihil

263 1827 449 1895 detraxeris.

352 1935 485 2002 Litteris
509 1943 617 2004 autem
641 1960 752 2003 versus
772 1940 905 2003 alterius
930 1942 1054 2022 septem
1077 1938 1128 2002 vel
1148 1941 1223 2003 octo
1242 1941 1275 2001 et
1294 1937 1412 2023 viginti

263 2041 329 2105 illis
354 2064 426 2106 cum
450 2043 484 2107 in
507 2045 613 2126 primo
637 2066 731 2109 versu
760 2045 1006 2129 grandiusculae
1035 2043 1257 2128 duodeviginti
1281 2066 1411 2128 respon-

262 2148 373 2232 deant,
396 2149 455 2213 has
474 2171 603 2214 necesse
623 2153 673 2215 est
693 2151 782 2216 salva
801 2150 1010 2234 proportione
1030 2150 1158 2214 circiter
1176 2150 1412 2234 quinquaginta

263 2259 416 2340 quattuor
450 2257 613 2340 excepisse
647 2257 681 2322 in
707 2257 812 2322 tribua
844 2256 965 2320 tabulis
999 2255 1183 2339 deperditis.
1234 2255 1283 2320 Ea
1311 2256 1413 2341 igitur

263 2385 416 2428 mensura
439 2363 493 2433 ubi
518 2364 775 2428 commendatum
801 2361 1038 2446 aGoettlingio
1063 2361 1324 2444 supplementum
1349 2384 1413 2426 rne-

263 2471 345 2535 tiare
373 2471 457 2556 quod
487 2475 537 2535 est
567 2471 644 2536 tale:
683 2465 1413 2537 C·ANTONIVS·M·F·O·N·OORNElia

262 2597 317 2641 cos.
345 2579 389 2641 ad
414 2583 554 2642 motum
580 2580 697 2658 retulit,
731 2579 886 2644 continuo
918 2597 1013 2661 quam
1042 2575 1123 2640 baec
1152 2597 1217 2640 non
1248 2575 1413 2640 sufficiant

261 2685 446 2768 perspicies.
484 2687 597 2770 Itaque
615 2685 817 2771 Goettlingio
841 2688 878 2750 ut
896 2704 1071 2768 parumper
1089 2703 1323 2765 succurramus,
1346 2681 1411 2748 for-

263 2791 349 2856 sitan
372 2793 429 2856 ille
453 2794 492 2856 ad
517 2793 658 2857 consulis
687 2794 722 2858 in
751 2799 863 2858 senatu
893 2791 1083 2856 relationem
1111 2789 1175 2854 loci
1198 2793 1231 2853 et·
1253 2791 1411 2874 temporis

263 2898 461 2964 mentionem
485 2898 644 2963 adsciscat
667 2921 684 2962 e
708 2899 828 2964 talibus
852 2898 1009 2982 cremplis
1028 2897 1137 2982 qualia
1160 2897 1195 2960 in
1214 2897 1317 2960 senati
1336 2919 1411 2962 con-

263 3004 357 3068 sultis
390 3005 429 3069 de
457 3005 714 3071 Bacchanalibus
747 3007 849 3090 deque
880 3004 1071 3069 Tiburtibus
1104 3005 1243 3068 exstent.
1295 3001 1340 3068 Et
1371 3005 1411 3068 de

169 3143 176 3158 ·
263 3109 367 3174 senati
391 3111 519 3196 quidem
542 3112 703 3177 sententia
730 3111 815 3176 hanc
841 3113 874 3177 in
902 3135 968 3196 qua
995 3133 1161 3176 versamur
1187 3110 1293 3195 legem
1316 3131 1410 3194 roga·

262 3219 331 3280 tam
355 3239 425 3282 esse
448 3218 520 3302 ipso
549 3241 626 3283 sane
654 3241 749 3283 versu
777 3219 880 3282 altero
909 3217 1073 3282 docemur:
1106 3217 1161 3281 ubi
1191 3215 1272 3280 satis
1300 3215 1410 3300 inepte

263 3323 341 3388 olim
378 3324 525 3389 tribunos
561 3326 733 3408 designatos
772 3323 1070 3407 interpretabantur
1106 3320 1231 3386 Dnss
1272 3323 1410 3390 litteras.

263 3430 397 3496 Talibus
417 3437 524 3498 autern
543 3433 670 3518 legibus
689 3453 767 3495 num
785 3434 914 3514 praeter
935 3433 1123 3514 rogatorum
1141 3431 1283 3514 nomina,
1302 3453 1322 3495 a
1341 3432 1411 3516 qui-

262 3537 322 3602 bus
346 3539 437 3622 ipsae
460 3540 619 3625 appellari
643 3539 768 3620 solitae,
797 3539 894 3603 etiam
919 3557 1029 3601 eorum
1053 3533 1186 3600 nomina
1208 3539 1411 3622 praescripta

262 3645 337 3728 sint,
361 3647 414 3729 qui
438 3648 477 3710 de
501 3669 539 3712 ea
562 3649 600 3712 de
620 3669 684 3731 qua
702 3647 810 3732 agitur
831 3669 866 3710 re
886 3649 1033 3710 senatum
1053 3643 1282 3708 consuluerant
1299 3645 1409 3710 huius-

262 3775 323 3837 que
346 3753 539 3818 auctoritate
563 3775 659 3839 agere
683 3777 755 3819 cum
778 3753 919 3818 tribunis
948 3751 991 3836 pl.
1014 3751 1095 3816 iussi
1119 3753 1224 3835 erant,
1255 3751 1409 3836 quoniam

226 3876 248 3916 1
262 3859 297 3924 in
325 3863 472 3925 neutram
500 3864 626 3944 partem
655 3861 801 3944 exempla
828 3859 896 3924 ulla
924 3861 1054 3942 praesto
1085 3861 1173 3941 sunt,
1205 3879 1270 3922 nou
1302 3857 1409 3924 minus

261 3967 432 4052 ignoratur
455 3989 551 4052 quam
575 3990 654 4032 num
677 3972 747 4032 tum
771 3988 912 4052 quoque,
936 3965 1029 4030 utin
1054 3965 1139 4030 veris
1162 3964 1337 4050 liberisque
1361 3987 1408 4028 se·

261 4074 330 4139 nati
354 4075 511 4140 consultis
535 4097 616 4160 quae
641 4073 681 4139 ad
700 4073 856 4159 populum
875 4073 1007 4138 omnino
1026 4093 1091 4137 non
1109 4071 1280 4155 ferrentur,
1304 4073 1409 4136 habiti

262 4187 391 4247 senatus
420 4186 547 4266 tempus
580 4182 732 4266 locusque
761 4180 925 4264 adscripta
952 4178 1031 4242 sint:
1064 4177 1148 4262 quod
1173 4179 1228 4262 qui
1253 4179 1316 4243 sibi
1339 4201 1409 4263 per·

262 4290 412 4372 suaserit,
444 4311 511 4354 non
538 4289 660 4372 poterit
688 4289 803 4354 saltem
833 4287 911 4372 quin
939 4285 1041 4350 multo
1069 4284 1191 4348 maiore
1218 4285 1287 4350 iure
1312 4290 1408 4370 atque

262 4395 341 4458 adeo
364 4396 557 4461 necessitate
581 4395 786 4461 comitiorum
810 4399 937 4476 tempus
959 4391 1130 4476 locumque
1152 4391 1304 4474 requirat.
1345 4389 1408 4456 Ve-

261 4521 333 4564 rum
356 4501 390 4564 in
413 4502 472 4566 ille
489 4505 599 4565 tamen
617 4503 823 4586 ignoratione
842 4503 879 4566 ut
897 4499 1075 4584 largiamur
1092 4497 1215 4562 factum
1234 4519 1303 4563 esse
1322 4498 1407 4581 quod
