3246 5074
260 283 324 346 568
496 295 640 346 narseus
664 289 890 347 1111111111
910 297 1167 346 111111111111

260 440 350 516 Quod
380 441 599 526 fragmentum
628 441 737 524 aliqua
766 441 951 507 coniectura
980 441 1129 525 supplere
1157 439 1255 524 velle,
1287 460 1360 504 cnm
1386 462 1406 504 a

259 553 413 634 quattuor
436 548 578 633 partium
606 547 698 613 nulla
721 549 883 634 integrum
912 547 1055 632 lapidem
1077 547 1269 630 habeamus,
1297 545 1404 610 111111-
1441 578 1445 584 ·

258 655 358 720 lautis
382 655 491 740 potius
515 655 559 719 sit
581 675 679 738 quam
702 655 939 720 ratiocinantis.

726 887 938 895 m

348 1082 479 1148 Pridem
502 1105 521 1146 a
543 1081 638 1146 nobis
657 1085 938 1166 repraesentatum
958 1081 994 1146 P.
1016 1079 1052 1146 L.
1075 1079 1118 1146 M.
1141 1079 1187 1180 u.
1202 1081 1269 1145 tab.
1288 1079 1407 1145 XCIA

260 1191 417 1256 titulum
440 1188 669 1254 Vaticanum
697 1193 867 1273 propterea
895 1188 1077 1254 iterandum
1105 1186 1254 1252 duximus
1284 1186 1343 1251 sub
1363 1186 1407 1270 D,

260 1301 298 1361 ut
325 1296 453 1380 culpam
482 1295 549 1359 illic
577 1296 798 1379 commissam,
831 1317 912 1380 quae
941 1299 1051 1360 tamen
1079 1295 1133 1358 vix
1155 1293 1269 1358 haberi
1291 1296 1407 1358 nostra

260 1405 384 1486 potest,
407 1422 666 1486 expurgaremns.
699 1402 825 1486 Quippe
839 1401 988 1468 Bonnam
1006 1401 1235 1466 transmissum
1254 1405 1406 1484 ectypunr

261 1509 464 1574 chartaceum
494 1508 542 1572 ita
569 1513 721 1593 paratum
748 1511 831 1593 erat,
863 1512 900 1573 ut
926 1531 946 1572 a
969 1505 1140 1573 CALTILI
1167 1507 1299 1572 nomine
1329 1508 1408 1572 inci-

260 1616 353 1702 piens
385 1637 451 1680 una
478 1615 691 1682 continuitate
723 1620 873 1701 pergeret
902 1615 942 1680 ad
970 1613 1110 1680 TVLLI.
1168 1613 1239 1679 Iam
1267 1635 1341 1679 cum
1368 1636 1409 1678 ex

261 1722 388 1787 adiecta
410 1721 486 1786 huic
509 1724 627 1806 ectypo
651 1722 753 1786 totius
782 1743 857 1786 arae
880 1721 1037 1806 imagine,
1066 1743 1163 1805 quam
1191 1721 1225 1786 in
1247 1719 1282 1785 P.
1305 1717 1341 1784 L.
1363 1718 1408 1784 M.

260 1829 298 1892 Ε.
323 1828 382 1894 sub
405 1849 426 1890 u
449 1828 557 1912 posui,
580 1828 770 1912 planissime
790 1832 960 1912 appareret
978 1829 1085 1912 ipsum
1103 1827 1298 1912 principium
1316 1827 1408 1892 tituli

262 1933 598 2010 summumve
627 1936 758 2002 nomine
787 1936 871 2020 fieri,
902 1939 1028 2001 mutato
1061 1934 1173 2001 ordine
1205 1934 1280 2008 111111Ι
1312 1955 1409 1998 suum

261 2041 491 2124 lithographus
511 2041 853 2126 exemplumcxordiri
872 2043 979 2108 iussus
999 2047 1058 2126 eat,
1076 2042 1202 2127 quando
1216 2062 1279 2106 non
1301 2041 1410 2124 potuit

261 2169 328 2212 non
350 2169 408 2231 per
429 2150 535 2212 totum
560 2149 669 2214 orbem
693 2149 851 2215 rotundae
880 2171 955 2215 1111
978 2149 1149 2233 inscriptio
1174 2147 1336 2232 pertinere
1359 2147 1407 2211 vi-

262 2254 342 2318 deri:
370 2276 430 2320 nec
454 2253 626 2338 quicquam
650 2257 846 2321 contrariam
874 2256 909 2320 in
935 2258 1063 2339 partem
1088 2255 1307 2340 significatum
1329 2259 1408 2320 erat

157 2365 164 2373 '
261 2359 347 2425 Hinc
374 2360 477 2444 igitur
503 2381 702 2446 consequens
730 2361 793 2426 fuit
818 2365 856 2426 ut
884 2366 935 2427 111
962 2383 1078 2447 graves
1102 2359 1321 2426 dubitationes
1345 2361 1409 2426 ori·

261 2471 374 2532 rentur
396 2467 435 2531 de
458 2466 597 2552 duobus,
624 2471 661 2532 ut
684 2468 813 2553 quidem
842 2468 1021 2553 videbatur,
1048 2468 1236 2534 hominibus
1259 2469 1293 2534 in
1316 2490 1409 2553 supe·

262 2573 347 2638 riore
365 2577 456 2657 parte
476 2595 551 2637 arae
569 2574 769 2659 perscriptis,
785 2576 890 2641 tribus
910 2579 1019 2640 autem
1037 2575 1284 2660 magistratibus
1304 2574 1409 2657 partis

262 2680 434 2745 inferioris.
466 2679 505 2744 In
529 2703 594 2766 qua
616 2681 809 2746 difficultate
828 2681 1027 2766 expedienda
1048 2702 1133 2746 nuno
1156 2681 1292 2746 demum·
1308 2703 1409 2766 appa-

262 2790 313 2850 ret
335 2791 404 2851 tam
427 2785 515 2850 felici
543 2787 689 2850 acumine
712 2785 950 2852 Mommsenum
978 2791 1142 2853 versatum
1170 2809 1240 2852 1111
1268 2784 1350 2852 (1.1.
1374 2786 1410 2851 L.

262 2893 278 2958 I
301 2916 331 2958 n.
351 2893 430 2976 804,
457 2892 540 2957 nihil
564 2897 600 2956 ut
623 2893 662 2957 ad
687 2893 984 2958 commodissimum
1012 2894 1215 2960 intellectum
1237 2893 1303 2958 iam
1326 2893 1410 2958 desi·

263 3001 400 3066 deretur.
451 2999 544 3076 Quod
576 2999 662 3063 enim
698 3000 858 3083 suspicari
890 3022 984 3066 nemo
1016 3001 1185 3083 debuerat,
1221 3001 1409 3065 lacunosum

263 3129 333 3170 esse
358 3103 464 3190 qualis
493 3104 598 3169 adhuc
620 3106 926 3190 repraesentabatur
955 3107 1213 3190 inscriptionem,
1245 3105 1278 3170 id
1301 3105 1410 3190 ipsum

263 3211 420 3294 eiusdem,
447 3211 537 3276 cuius
561 3211 740 3276 honorifica
763 3214 885 3278 mentio
910 3213 959 3278 bis
982 3213 1070 3278 faeta
1089 3215 1139 3277 est
1157 3235 1264 3298 supra,
1287 3209 1410 3296 Zange-

189 3337 250 3378 x1n
264 3318 409 3383 meisteri
433 3319 554 3384 virtute
573 3317 661 3383 'nunc
684 3319 792 3404 patuit
814 3319 863 3384 ita
885 3341 1017 3403 prorsus
1042 3341 1076 3384 se
1099 3319 1229 3384 habere.
1267 3318 1298 3384 ls
1323 3319 1409 3383 enim

263 3447 337 3490 cum
359 3425 463 3490 musei
486 3425 637 3490 Vaticani
661 3426 771 3510 copias
799 3427 1000 3510 perlustrans
1028 3425 1063 3490 in
1090 3425 1175 3490 hunc
1197 3425 1338 3510 lapidem
1361 3425 1410 3488 in-

263 3530 408 3615 cidisset,
438 3532 519 3596 bene
542 3553 666 3596 memor
688 3531 832 3597 nondum
856 3534 981 3598 solutae
1004 3533 1203 3616 quaestionis
1227 3533 1303 3598 ilico
1327 3531 1412 3597 vidit

263 3638 430 3721 epoetioo
453 3621 527 3702 arae
556 3639 657 3702 latere
686 3639 830 3723 aliquam
860 3639 1054 3724 particulam
1082 3639 1209 3722 pristini
1238 3637 1409 3704 marmoris

263 3745 349 3809 inter
373 3743 503 3808 TVLLI
527 3749 561 3809 et
583 3743 757 3811 CALTILI
780 3745 913 3811 nomina
936 3746 1081 3828 periisse,
1103 3750 1342 3809 recensentem
1361 3743 1411 3808 in-

264 3857 351 3917 serto
373 3851 491 3935 lapidis
515 3850 668 3935 frustula,
696 3852 828 3936 eiusque
856 3851 966 3936 paullo
990 3851 1197 3935 candidioris,
1225 3852 1410 3936 suppletam

264 3981 348 4042 esse,
381 3956 437 4022 sed
465 3957 534 4021 sine
562 3957 682 4022 lltteris
715 3957 912 4042 suppletam,
943 3958 1007 4022 nisi
1033 3957 1120 4043 quod
1147 3957 1259 4023 1111111
1287 3957 1303 4022 Ι
1327 3955 1409 4022 110

263 4065 381 4131 litteris
404 4065 560 4130 tenuiculi
584 4063 715 4150 quidam
740 4065 847 4148 apices
871 4069 1084 4130 accesserunt.
1127 4064 1231 4140 Quam
1250 4064 1409 4130 rationem

265 4194 393 4236 omnem
417 4195 582 4256 speramus
602 4171 671 4236 fore
690 4174 726 4235 ut
744 4171 856 4235 tabula
875 4174 986 4234 nostra
1004 4169 1214 4255 lithographa
1235 4171 1410 4255 diligenter

265 4279 437 4343 observata
460 4279 638 4362 spatiorum
663 4277 872 4361 proportione
891 4277 939 4341 111
957 4278 1088 4361 planam
1107 4277 1219 4361 faciat,
1242 4282 1280 4342 ut
1298 4277 1409 4342 certis-

266 4383 347 4449 sima
370 4384 404 4448 in
426 4385 496 4449 luce
519 4383 713 4450 Mommseni
736 4385 804 4450 tale
828 4384 1086 4468 supplementum
1109 4388 1277 4470 appareat:
