3246 5082
302 385 368 449 304
581 399 698 449 ross1s
723 399 920 459 surranum
944 397 1178 447 srrcrauarvn.

301 544 448 628 potentia
470 493 648 629 humilidue
672 543 860 608 mortalium
883 541 1070 608 condicione
1090 538 1285 604 sententiam
1308 537 1448 603 credide·

301 652 356 734 rit,
379 651 468 715 nullo
492 651 603 716 labore
625 648 798 715 'Saturnios
821 649 878 714 illo
901 649 972 733 ipso
996 647 1075 712 duce
1097 647 1158 711 hos
1182 647 1374 712 constituat:

443 799 463 825 ν
481 793 498 825 1
516 799 535 825 υ
552 792 569 825 2
588 797 606 825 υ
623 793 640 826 a
658 797 677 825 υ
721 793 738 824 1
757 773 826 839 ille
849 772 1068 858 inperator:

363 949 367 954 ,
446 881 500 946 'Pu
523 879 588 947 illi
609 880 845 965 ceteris[que
867 919 889 926 —
913 879 987 961 dis]
1012 877 1300 944 me‘diastrinus.

303 1007 386 1072 Mihi
409 1007 514 1073 fateor
536 1007 633 1092 louge
657 1010 690 1071 et
713 1005 943 1091 simpliciorem
967 991 1000 1068 et
1016 1005 1204 1070 tenuiorem
1224 1005 1355 1069 Catonis
1380 1025 1449 1067 sen-

302 1113 441 1180 tentiam
464 1113 579 1197 rideri,
609 1136 675 1179 non
700 1135 717 1178 e
740 1135 870 1178 recessu
897 1113 1008 1198 aliquo
1037 1110 1264 1196 philosophiae
1291 1111 1451 1192 haustam,

304 1221 359 1286 sed
373 1221 414 1285 ad
429 1219 515 1285 vitae
530 1221 677 1305 privatae
691 1220 836 1285 rationes
851 1218 1125 1301 necessitatesque
1144 1220 1355 1300 spectantem.
1377 1215 1450 1281 Dis-

304 1327 461 1393 suadebat
489 1325 574 1391 euim
601 1325 673 1410 ille,
706 1326 734 1390 si
758 1324 834 1410 quid
857 1324 964 1408 video,
993 1323 1128 1388 nimiam
1157 1323 1190 1388 in
1215 1345 1324 1389 servos
1348 1321 1450 1387 indul-

307 1433 452 1518 gentiam
476 1431 527 1498 rel
551 1455 624 1498 cum
649 1432 751 1498 servis
774 1432 1032 1497 familiaritatem
1055 1430 1107 1495 rel
1132 1429 1254 1514 aliquid
1278 1430 1394 1513 simile,
1415 1433 1453 1493 ut

305 1564 368 1627 quo
400 1540 497 1606 facile
529 1539 672 1606 eveniret
704 1543 740 1604 ut
772 1539 931 1605 obnoxius
968 1560 1061 1604 servo
1098 1537 1247 1602 dominus
1285 1536 1452 1601 oboediret

304 1649 413 1732 potius
438 1670 536 1733 quam
560 1647 798 1732 obtemperanti
822 1647 1006 1730 imperaret.
1039 1643 1086 1708 Vt
1104 1644 1190 1708 enim
1209 1645 1340 1725 imperat
1361 1643 1453 1708 iami-

305 1756 369 1820 liae
392 1755 541 1821 dominus
569 1755 702 1839 proprio
731 1752 880 1819 vocabuli
907 1775 982 1834 usu,
1010 1753 1044 1816 et
1071 1749 1193 1815 domini
1216 1749 1381 1832 imperium
1404 1753 1455 1815 est

305 1863 339 1927 in
363 1884 488 1944 servos,
520 1861 567 1926 ita
589 1860 675 1925 idem
703 1861 870 1944 imperator
898 1858 1002 1923 dictus
1032 1861 1082 1922 est
1110 1858 1178 1922 sine
1208 1855 1277 1921 ulla
1303 1855 1454 1939 publicae

266 2043 267 2046 Ἴ
306 1969 476 2054 dignitatis
500 1966 707 2052 cogitatione.
744 1965 845 2031 Velut
868 1987 938 2030 cum
963 1964 1048 2048 apud
1073 1962 1227 2028 Plautum
1251 1960 1454 2027 Curculionis

306 2075 331 2159 I,
350 2075 379 2159 2,
399 2076 442 2141 20
465 2073 516 2138 his
539 2072 646 2136 verbis
669 2073 750 2155 redi,
772 2073 884 2154 respice
905 2073 949 2137 ad
968 2091 1017 2136 mc
1038 2070 1228 2134 inclamanti
1251 2068 1453 2134 Phaedromo

307 2169 387 2246 arius
411 2177 585 2264 respondet
606 2179 774 2261 imperator
795 2179 865 2261 qais
887 2177 953 2243 est?
996 2176 1060 2242 Vel
1083 2198 1157 2241 cum
1180 2176 1214 2240 in
1235 2173 1455 2241 Menaechmis

306 2310 335 2354 v.
354 2287 421 2352 444
443 2287 524 2352 haec
548 2288 623 2350 sunt
636 2283 850 2350 Messenionis
874 2284 985 2358 rerba:
1010 2282 1072 2348 Sed
1089 2303 1140 2366 eqo
1158 2283 1287 2347 taccitus
1308 2303 1378 2348 sam
1400 2287 1457 2366 qui

305 2415 429 2460 creme
450 2393 602 2478 postulem
628 2393 833 2458 moderarier:
865 2391 958 2458 Dicto
985 2411 1034 2455 mc
1059 2391 1133 2454 emit
1154 2390 1342 2468 cadentem,
1370 2390 1458 2455 baad

305 2503 519 2586 imperatorer
549 2501 617 2567 arbi.
667 2497 729 2564 Vel
758 2497 899 2582 Tyndari
927 2499 961 2563 in
988 2495 1133 2583 Captivis
1162 2495 1208 2576 ΙΙ,
1232 2497 1267 2580 2,
1290 2499 1332 2562 57
1361 2497 1456 2562 haec:

307 2607 369 2691 Qui
395 2611 547 2692 imperare
573 2609 746 2689 tacueram,
777 2627 861 2670 arrae
892 2605 1021 2670 alterius
1052 2605 1180 2686 imperio
1213 2603 1364 2686 obsequor.
1409 2603 1458 2669 Et

258 2719 264 2726 “
305 2718 426 2798 quidem
449 2714 628 2797 oprande
654 2718 690 2776 at
711 2713 775 2794 ipse
794 2713 846 2792 fui
867 2713 1034 2794 imperator
1054 2711 1210 2790 scrattiae,
1237 2710 1380 2776 Habeam
1402 2713 1455 2776 dc-

306 2823 439 2906 mr'aam,
462 2841 525 2885 aaa
546 2840 656 2883 uerear
678 2838 717 2882 ac
739 2817 851 2881 cairate
872 2822 929 2880 cat
951 2817 1092 2899 presbiter
1119 2817 1164 2880 mi
1191 2817 1324 2899 imperet.
1368 2816 1458 2884 Hinc

307 2928 406 3013 igitur
429 2947 630 3010 consequens
649 2947 720 2990 esse
739 2924 898 3003 volumus,
922 2924 1011 2988 utin
1031 2923 1115 2988 hanc
1133 2923 1199 2988 fere
1219 2924 1356 3008 speciem
1372 2923 1457 2990 (lato

307 3033 374 3099 filio
398 3033 600 3118 praeceperit
623 3027 698 3117 (V):

352 3156 425 3222 Ille
448 3155 666 3240 inperator,
689 3158 732 3219 tri
755 3154 818 3218 illi
842 3191 864 3200 -
887 3155 992 3220 certe
1015 3155 1092 3220 eris
1116 3155 1403 3222 me‘diastrinus.

868 3351 898 3418 8.

269 3489 292 3526 n
397 3460 472 3526 Non
497 3459 602 3544 magis
624 3455 794 3524 Saturnius
817 3481 971 3524 numerus
994 3459 1076 3524 latet
1099 3459 1133 3523 in
1156 3459 1222 3524 illis
1247 3460 1332 3544 apud
1350 3459 1385 3525 L.
1400 3458 1458 3524 Se·

307 3590 420 3634 nesam
443 3567 548 3652 Epist.
571 3563 642 3650 XV,
661 3565 681 3630 2
705 3563 818 3652 (vulgo
842 3563 900 3653 94)
926 3568 945 3647 ξ
969 3566 1012 3630 28
1035 3568 1233 3652 praeceptis:

351 3709 467 3774 Emis
489 3711 565 3774 ndu
589 3708 688 3793 quod
711 3711 805 3793 dpus
829 3712 900 3794 est,
922 3746 944 3756 -
968 3709 1032 3774 scd
1056 3709 1153 3794 quod
1176 3712 1334 3776 necesse
1357 3712 1427 3775 ert:

353 3817 458 3894 Quod
481 3817 557 3881 n6n
581 3817 674 3899 opus
698 3821 769 3900 est,
794 3817 880 3881 asse
903 3853 924 3863 -
947 3818 1075 3882 carum
1099 3821 1158 3882 est
1185 3833 1203 3866 Δ
1220 3839 1239 3866 υ
1256 3834 1274 3867 t
1291 3840 1310 3868 υ

309 3961 511 4043 Quamquam
535 3979 606 4023 cum
630 3959 732 4044 ipsius
756 3961 822 4026 rim
845 3961 1024 4026 sententiae
1044 3959 1279 4044 expendentem
1297 3980 1364 4023 non
1383 3980 1458 4041 pos·

309 4071 359 4132 set
380 4065 493 4151 fugere
517 4065 640 4152 aliquid
660 4089 680 4131 a
698 4063 819 4132 Seneca
837 4067 1103 4152 praetermissum
1121 4089 1201 4150 esse,
1225 4087 1288 4150 quo
1309 4085 1458 4130 neccssa-

308 4173 429 4238 riarum
452 4193 561 4238 rerum
590 4174 711 4258 emptio
740 4174 941 4258 probaretur,
972 4172 1083 4238 eadem
1112 4171 1359 4238 ratiocinatione
1391 4194 1460 4256 qua

308 4284 424 4366 postea
455 4280 593 4346 vidimus
623 4277 823 4346 Boeclrhium
852 4301 960 4364 usum,
996 4279 1035 4344 ad
1064 4279 1199 4346 duorum
1229 4275 1458 4344 Satumiorum

309 4409 482 4473 eorumque
510 4387 677 4472 aliquanto
707 4385 927 4452 venustiorum
954 4384 1038 4450 hanc
1065 4385 1335 4450 instaurationem
1362 4384 1457 4451 duce-

308 4497 423 4563 bamur
446 4495 543 4581 longe
567 4499 600 4560 et
623 4494 898 4578 simplicissimam
921 4496 954 4556 et
976 4491 1202 4575 planissimam
1227 4489 1315 4578 (IV):
1371 4555 1374 4562 ,
