3216 5082
249 391 296 438 on
320 388 586 437 onomnamona
610 387 755 451 ovsnan
778 387 912 435 narras
935 385 1207 434 anconovmosa.
1252 366 1319 433 475

108 595 111 608 ,
177 535 353 600 servaverit
375 555 438 618 qua
461 537 538 598 sont
565 532 748 598 Ardeatis
776 530 983 616 Arpinatis
1012 527 1223 614 Capenatis
1253 527 1319 632 aa<

176 639 384 705 rentinatis
408 637 606 704 Larinatis
635 662 708 704 oum
730 638 878 704 finitimis
908 643 941 704 et
964 638 1051 704 faeta
1073 641 1107 702 et
1129 657 1187 721 per
1210 656 1317 700 saecu·
1332 661 1393 701 v111

175 745 242 810 lum
266 745 331 811 VII
357 747 565 831 frequentata
596 768 655 830 pro
683 745 859 811 oontraetis
887 745 1034 810 Ardeae
1063 745 1232 828 Arpinas
1260 746 1320 808 oet
1352 770 1356 777 ¹

174 853 296 919 formis.
349 852 418 918 Neo
445 853 555 918 deesse
586 853 689 937 ipsius
718 851 848 917 Menas
880 852 1022 916 nominis
1055 852 1252 937 exemplum,
1284 856 1321 917 ut

174 981 238 1045 quo
261 960 459 1024 familiarem
482 959 644 1044 quendam
667 980 760 1023 suum
773 957 880 1023 Varro
903 958 990 1023 dieat
1012 959 1059 1023 rei
1082 962 1161 1022 rust.
1184 959 1268 1024 libro
1287 957 1320 1023 II

175 1089 243 1151 oap.
265 1069 293 1151 1,
313 1069 342 1132 1.
371 1067 402 1150 3,
424 1067 473 1131 11.
501 1068 580 1152 8,1,
603 1066 706 1131 etita
729 1065 858 1150 quidem
882 1064 969 1130 dieat
992 1069 1029 1130 ut
1052 1087 1117 1131 non
1141 1065 1320 1130 ablativum

174 1176 304 1238 tantum
324 1171 476 1239 Menate
495 1173 605 1238 flectat
623 1173 694 1238 loeo
712 1172 839 1258 ultimo,
858 1174 914 1240 sed
933 1170 1216 1260 fortasse(paru1n
1235 1173 1321 1238 enim

175 1282 360 1345 oontestata
382 1277 448 1368 res)
477 1280 573 1346 etiam
600 1280 837 1346 nominativum
866 1282 938 1346 loeo
966 1280 1072 1365 primo
1100 1302 1166 1346 non
1188 1279 1319 1346 Menas

175 1391 212 1452 ut
239 1387 392 1472 secundo,
424 1387 480 1453 sed
507 1387 681 1453 Menates
710 1387 831 1453 efferat.
876 1387 922 1452 nt
944 1388 985 1453 ab
1012 1387 1075 1453 hoe
1104 1391 1142 1453 ut
1164 1387 1320 1474 exordiar,

174 1498 303 1560 tantum
326 1517 513 1562 conoessum
541 1496 582 1560 iri
605 1496 646 1560 ab
669 1495 740 1580 ipso
763 1494 966 1561 Mommseno
990 1495 1129 1580 confido,
1156 1518 1222 1561 non
1250 1517 1319 1562 esse

176 1601 361 1668 aVarrone
384 1625 483 1668 unum
507 1603 704 1686 eundemque
727 1602 889 1666 bominem
913 1602 1009 1667 modo
1027 1603 1175 1668 breviore
1197 1603 1321 1668 usitata

176 1709 272 1776 modo
296 1711 454 1776 inusitata
480 1711 627 1794 longiore
654 1709 763 1774 forma
788 1710 910 1774 dietum
938 1709 1140 1775 nominativo
1164 1731 1254 1792 oasa,
1286 1709 1320 1774 in

175 1816 228 1881 his
251 1817 458 1901 potissimum
481 1816 574 1881 libris
598 1817 679 1880 satis
703 1816 918 1900 aequabiliter
940 1816 1079 1900 seriptis.
1119 1815 1188 1881 Neo
1213 1808 1319 1880 minus

177 1927 299 1987 eertum
322 1923 520 2007 habendum,
543 1945 608 1988 non
632 1943 702 1988 esse
716 1921 876 1988 Varronis
899 1927 1006 1989 aetate
1028 1945 1048 1988 a
1067 1944 1227 2008 quoquam
1246 1920 1319 1986 Me-

177 2032 286 2094 nates
314 2031 365 2094 vel
389 2027 594 2096 Casinates
626 2031 678 2098 vel
707 2032 851 2098 aediles
881 2033 1037 2118 seriptum
1065 2053 1125 2116 pro
1153 2029 1319 2096 Menatis

178 2133 376 2202 Casinatis
400 2137 551 2202 aedilis.
593 2136 797 2222 Quamquam
821 2138 871 2202 vel
894 2138 932 2203 de
956 2137 1123 2205 Menatis
1146 2137 1199 2203 vel
1222 2136 1320 2202 Mae·

177 2243 326 2310 oenatis
354 2245 557 2310 nominativo
581 2248 631 2309 est
653 2266 710 2310 our
739 2267 816 2311 sane
839 2244 998 2310 dubitem:
1031 2245 1158 2330 quando
1180 2266 1246 2310 non
1270 2265 1319 2308 ea·

176 2351 249 2414 dem
272 2351 473 2416 ethnicorum
496 2351 581 2416 ratio
605 2374 687 2437 quae
710 2356 786 2416 sunt
808 2353 967 2418 adieetiva
990 2357 1023 2418 et
1041 2352 1319 2418 substantivorum

176 2479 258 2541 quae
282 2461 358 2521 sunt
381 2457 584 2542 singulorum
606 2457 775 2522 hominum
793 2459 934 2542 propria.
965 2457 1027 2524 Sed
1045 2458 1084 2524 de
1103 2460 1176 2543 ipso
1189 2456 1320 2523 Menas

176 2564 307 2628 nomine
331 2563 387 2627 ubi
411 2564 642 2648 quaesierimus
666 2587 729 2649 qao
752 2565 883 2630 tandem
906 2566 987 2630 illud
1005 2566 1199 2631 necessitate
1218 2565 1321 2650 genti-

177 2669 286 2733 lieium
318 2669 491 2752 habeatur,
526 2692 634 2737 nonne
667 2671 752 2738 Stolo
782 2672 894 2753 Scrofa
924 2674 1048 2739 Attinas
1078 2673 1206 2738 Merula
1234 2671 1321 2737 Paeo

177 2779 307 2860 praesto
332 2779 409 2841 sunt
431 2799 561 2862 prorsus
585 2778 623 2843 de
648 2779 877 2846 consuetudine
900 2781 970 2846 solo
994 2779 1186 2866 cognomine
1203 2778 1282 2844 dieti
1301 2801 1321 2844 a

177 2881 347 2948 Varrone?
389 2883 532 2960 Quorum
557 2885 585 2950 si
609 2886 709 2951 semel
738 2909 827 2971 sane,
854 2887 910 2952 ubi
932 2888 1071 2973 primam
1098 2909 1209 2952 eorum
1233 2907 1321 2952 men-

175 2991 298 3056 tionem
326 2992 431 3072 inieit,
462 2993 560 3077 plena
589 2995 721 3060 nomina
749 3017 868 3080 ponere
896 2996 980 3061 solet
1007 2993 1040 3062 0.
1063 2995 1207 3060 Licinius
1228 2993 1321 3078 Stolo,

177 3096 234 3164 Oa.
259 3099 441 3164 Trebellius
463 3098 583 3183 Scrofa,
608 3100 642 3164 T.
661 3099 852 3183 Pomponius
868 3101 1000 3180 Atinas,
1028 3100 1061 3167 O.
1076 3099 1237 3167 Cornelias
1255 3102 1321 3166 Me

175 3208 261 3285 rara,
295 3207 358 3288 [T.]
382 3207 549 3272 Fircellius
576 3207 675 3288 Paeo,
707 3208 740 3272 id
769 3209 897 3293 quidem
925 3231 989 3294 quo
1020 3209 1092 3273 iure
1120 3208 1257 3294 negabis
1286 3209 1321 3272 in

176 3311 329 3378 Menate
353 3335 479 3398 quoque
503 3335 576 3378 enm
599 3313 715 3379 fecisse
739 3337 777 3379 ea
795 3317 829 3380 in
847 3319 940 3400 parte
959 3315 1037 3380 libri
1054 3313 1097 3399 Π,
1121 3337 1218 3399 quam
1236 3337 1321 3380 nuno

177 3419 270 3504 gravi
293 3420 522 3485 laounahiare
541 3423 670 3485 constat
693 3419 724 3484 h.
739 3443 765 3486 e.
784 3425 860 3505 post
877 3423 983 3506 ipsum
1002 3421 1213 3505 prooemium,
1237 3421 1321 3506 quod

178 3527 219 3590 ab
242 3525 294 3590 his
313 3527 420 3591 verbis
440 3526 600 3611 excipitur
618 3524 709 3592 ‘Orem
722 3527 836 3593 Menos
853 3529 1046 3611 discessisset,
1066 3525 1226 3593 Cossinius
1243 3527 1322 3593 mibi

178 3681 185 3696 .
210 3683 217 3697 .
240 3682 247 3696 .
271 3631 290 3697 .’
315 3655 340 3698 e.
360 3655 390 3718 q.
408 3633 455 3698 a?
477 3669 514 3680 --
540 3632 663 3699 Verum
686 3635 816 3720 gravius
840 3633 957 3700 addam
980 3634 1076 3719 idque
1095 3635 1253 3700 eiusmodi
1275 3639 1321 3720 ut,

178 3739 252 3824 quid
281 3739 343 3803 diei
370 3745 484 3806 eontra
510 3741 628 3824 possit,
663 3763 729 3807 non
760 3741 976 3826 praevideam.
1030 3739 1163 3806 Etenim
1190 3741 1320 3808 Menas
1443 3769 1451 3784 ·

177 3845 229 3912 vel
251 3844 419 3911 Menatis
448 3847 649 3932 gentilicium
677 3870 746 3915 esse
773 3849 826 3915 vel
853 3852 1026 3934 propterea
1048 3847 1233 3933 negandum
1256 3850 1321 3914 exi-

178 3954 275 4018 stimo
297 3953 396 4038 quod,
419 3954 447 4018 si
470 3955 560 4018 οἰῖεῖε
584 3939 718 4020 diffie
733 3939 879 4041 syllabae
898 3979 957 4041 pro
976 3956 1204 4022 terminatione
1222 3955 1321 4021 habe-

178 4065 275 4127 antur
302 4065 339 4126 ut
366 4061 400 4126 in
423 4060 657 4148 Maso-enas,
685 4059 879 4146 Sul-enas,
910 4063 1015 4148 ipsius
1043 4063 1155 4147 stirpis
1181 4063 1229 4128 nil
1257 4063 1321 4128 nisi

178 4191 243 4234 una
264 4169 310 4234 M
326 4167 440 4234 littera
463 4169 577 4234 reliota
599 4170 655 4253 sit,
682 4169 714 4234 id
739 4170 825 4255 quod
854 4170 983 4235 ratione
1005 4192 1070 4235 non
1093 4170 1200 4234 minus
1224 4170 1321 4235 desti·

177 4277 281 4341 tuitur
304 4301 402 4363 quam
431 4279 458 4342 si
487 4277 622 4363 quiade
649 4275 748 4342 Mine
776 4276 871 4342 Dius
898 4275 990 4342 Pius
1018 4277 1109 4342 'lius
1141 4276 1320 4362 gentilibus

178 4384 307 4466 cogitet
356 4385 446 4470 Ergo
475 4371 655 4469 eognomen
682 4387 732 4450 est
757 4383 901 4468 Menas,
930 4405 995 4449 non
1024 4405 1153 4449 nomen.
1197 4381 1321 4450 Nessi

178 4485 392 4556 Maenatem
419 4493 529 4577 potius
557 4514 654 4578 quam
681 4489 872 4558 Menatem
904 4491 1023 4558 dixisse
1046 4490 1228 4558 Varronem
1255 4495 1319 4558 sta·
