3246 5082
313 403 378 469 308
586 419 705 468 sonus
729 417 926 467 servamus
951 417 1182 466 srromnurvu

314 566 502 628 sentaneum
525 566 576 628 est
597 563 698 648 igitur
720 561 801 627 haee
822 584 889 627 non
912 561 953 626 ed
977 560 1275 628 eandem'aetatem
1293 557 1457 623 referenda

313 692 398 753 esse,
425 669 481 734 sed
509 670 549 735 ad
572 673 721 754 tempora
743 691 877 754 prorsus
905 668 1033 734 diversa
1060 671 1215 752 spectare.
1261 664 1350 743 Quae
1373 663 1458 729 haud

313 776 381 842 scio
409 799 452 842 an
474 775 691 868 discriminare
721 777 819 843 liceat
846 775 984 858 finitius,
1017 775 1044 839 si
1072 773 1313 839 meminerimus
1337 775 1458 856 quanta

312 883 434 950 fuerint
457 883 584 950 saeculo
608 883 649 948 ab
672 907 702 949 u.
726 905 752 949 c.
774 885 876 966 sexto,
898 885 975 968 post
997 885 1144 965 apertam
1167 879 1375 964 potissimum
1393 877 1457 942 An-

312 989 458 1057 tiochino
481 991 569 1058 bello
593 991 716 1070 Asiam,
740 990 885 1055 luxuriae
909 988 1074 1054 Romanae
1096 988 1308 1071 incrementa,
1337 989 1458 1070 quanta

312 1098 477 1163 contentio
503 1097 613 1183 legum
641 1097 914 1182 sumptuariarum
938 1095 1062 1181 Oppiae
1090 1099 1124 1160 et
1145 1093 1288 1159 Fanniae
1315 1092 1458 1158 ferenda·

293 1187 392 1289 'rum,
415 1208 536 1289 quanta
559 1205 663 1289 ipsius
682 1203 817 1270 Catonis
841 1205 875 1269 in
898 1225 1042 1288 censura,
1065 1225 1159 1288 quam
1184 1224 1212 1268 a.
1230 1203 1297 1268 570
1315 1201 1458 1287 gerebat,

312 1311 523 1395 castigandae
545 1310 832 1395 reprimendasque
854 1309 1078 1395 prodigentiae
1101 1313 1134 1373 et
1155 1309 1313 1374 mollitiae
1336 1307 1456 1374 acerbi·

312 1419 373 1482 tas.
406 1416 458 1482 Ad
481 1416 560 1482 haec
584 1417 684 1502 igitur
707 1420 855 1501 tempora
880 1416 1033 1483 credibile
1053 1421 1103 1482 est
1120 1417 1178 1482 illa
1196 1415 1357 1500 pertinere
1376 1436 1456 1500 quae

273 1543 298 1582 1⁵
313 1524 492 1609 de'perosa
513 1523 676 1610 plerisque
700 1523 837 1590 avaritia
859 1523 893 1588 in
917 1521 1052 1589 Catonis
1075 1523 1160 1588 libro
1179 1520 1302 1588 Gellius
1325 1523 1455 1608 legerat.

313 1630 435 1708 Quibus
458 1631 683 1717 percommode
706 1631 890 1697 continuari
913 1631 1032 1696 veteris
1052 1635 1149 1717 atque
1168 1631 1455 1715 antiquae'aetatis

312 1740 513 1824 comparatio
536 1740 585 1806 ita
606 1740 724 1824 potuit,
747 1743 783 1805 ut
806 1743 884 1804 tum
909 1738 1018 1804 omnia
1041 1741 1154 1804 contra
1171 1737 1271 1804 fuisse
1291 1759 1364 1802 curn
1383 1758 1456 1802 ana-

311 1845 415 1929 phora
433 1846 602 1932 diceretur,
626 1847 715 1914 cuius
734 1847 858 1932 figurae
877 1846 1059 1912 rhetoricae
1078 1845 1262 1930 religiosius
1281 1843 1455 1910 servandae

312 1951 463 2036 ‘sparsim
491 1959 524 2018 et
545 1953 709 2019 intercise'
738 1975 911 2038 excerpens
935 1951 1060 2018 Gellius
1093 1957 1126 2017 et
1157 1953 1192 2016 in
1219 1951 1363 2036 ipsarum
1391 1951 1455 2015 vim

313 2059 547 2124 sententiarum
570 2060 714 2125 intentus
743 2081 892 2125 caussam
915 2082 982 2126 non
1004 2059 1147 2124 haberet.
1193 2057 1265 2134 Qua
1287 2057 1455 2123 ratiocina-

311 2165 401 2232 tione
426 2165 535 2230 nesoio
565 2187 608 2231 an
634 2166 716 2231 illud
744 2188 923 2252 consequar
954 2170 991 2231 ut
1022 2166 1116 2231 unius
1145 2165 1351 2249 eiusdemque
1383 2169 1456 2228 tum

311 2271 445 2338 voculae
472 2271 594 2356 triplici
622 2273 805 2340 accessione
833 2273 971 2359 triplicis
1004 2275 1185 2339 sententiae
1214 2273 1363 2350 lacunam
1392 2291 1456 2336 non

312 2381 382 2446 sine
405 2379 514 2465 aliqua
535 2379 768 2465 probabilitate
792 2380 962 2478 suppleam
984 2379 1046 2446 hoc
1070 2380 1216 2464 exemplo
1240 2375 1317 2464 (II):

400 2503 550 2571 Vestiri
573 2503 612 2571 in
634 2504 719 2572 ford
743 2509 822 2572 tum
844 2543 867 2552 -
889 2507 969 2572 m6s
994 2506 1078 2570 erait
1099 2503 1274 2570 honeste:

399 2610 524 2697 Domi,
547 2613 645 2698 quod
669 2614 768 2680 saitis
791 2615 884 2680 arsit
924 2635 943 2664 ν
960 2629 978 2662 2
995 2635 1015 2662 υ
1031 2629 1049 2662 Δ
1066 2636 1085 2662 ν
1103 2629 1120 2663 r
1137 2635 1157 2662 υ

400 2790 528 2876 Equos
552 2791 679 2856 osiride
702 2795 781 2856 tum
803 2828 825 2836 -
848 2792 960 2875 qusim
983 2793 1126 2874 coquos
1149 2791 1336 2856 emebant

400 2967 581 3033 Poeticae
604 2968 702 3033 trtia
727 3005 748 3014 -
770 2971 847 3034 ndn
869 2969 954 3034 erait
975 2967 1097 3034 honds
1120 2972 1208 3034 tum.

359 3161 363 3167 Ι
402 3072 440 3158 Si
463 3075 529 3158 qui
549 3071 590 3138 1‘n
613 3094 656 3138 ea
677 3075 717 3138 re
740 3073 924 3171 studebat
942 3111 963 3122 -
982 3079 1047 3140 aut
1070 3096 1153 3140 sese
1176 3071 1403 3159 tdplicaibat

400 3179 457 3246 Ad
480 3177 673 3264 conuiuia,
696 3181 924 3266 grassa-tor
947 3181 1171 3246 uocdbdtur.

312 3302 372 3370 Vel
392 3305 420 3370 si
439 3303 566 3370 hiatum
585 3304 707 3390 fugisse
722 3304 878 3371 Catonem
899 3305 1041 3370 severius
1059 3305 1256 3392 putabimus,
1273 3305 1453 3372 Poeticae

312 3415 437 3477 alitem
466 3410 565 3475 sirtis
595 3447 649 3478 —.
694 3411 781 3478 Nam
808 3417 876 3477 erat
898 3411 988 3477 verbi
1015 3411 1164 3478 ultimam
1192 3418 1226 3478 et
1248 3413 1374 3498 origine
1397 3435 1454 3478 sua

311 3517 444 3602 longam
467 3517 568 3582 fuisse
591 3522 626 3582 et
643 3518 684 3584 ab
704 3517 937 3603 antiquissimis
960 3518 1066 3602 poetis
1089 3519 1222 3603 produci
1245 3519 1377 3586 solitam
1398 3541 1453 3585 no·

312 3627 389 3687 runt
407 3624 463 3708 qui
482 3624 516 3688 in
535 3622 587 3690 his
606 3624 726 3690 litteris
746 3625 845 3691 solito
863 3623 1104 3709 diligentiorem
1124 3646 1254 3709 operam
1268 3629 1453 3711 posuerunt.

311 3727 484 3795 Praeterea
507 3735 616 3797 autem
638 3731 720 3797 nihil
742 3733 813 3798 ausi
832 3754 941 3798 sumus
960 3735 1090 3816 praeter
1112 3733 1177 3798 tria
1194 3734 1353 3800 vocabula
1374 3733 1452 3800 satis

311 3835 501 3926 simpliciter
523 3839 737 3922 transposita:
769 3839 855 3924 quod
878 3841 990 3905 contra
1012 3859 1078 3904 non
1102 3839 1171 3904 sine
1194 3840 1327 3906 lubricis
1351 3845 1451 3906 muta·

310 3942 455 4008 tionibus
479 3963 548 4008 sese
572 3943 755 4010 Boeckbius
779 3948 812 4010 et
835 3943 1062 4012 Fleckeisenua
1086 3944 1304 4029 expedierunt.

399 4083 572 4170 Reliquum
596 4091 646 4152 est
668 4090 705 4152 ut
727 4087 762 4152 in
785 4085 972 4153 Catonianis
997 4087 1126 4170 ceteris,
1154 4109 1235 4172 quae
1260 4087 1314 4154 'ud
1339 4085 1450 4171 filium'

310 4189 506 4273 pertinuisse
542 4193 731 4258 testimonia
767 4215 877 4258 eorum
914 4194 1030 4278 quibus
1067 4193 1224 4258 debentur
1260 4196 1451 4279 scriptorum

311 4295 441 4379 docent,
471 4297 566 4364 nobis
594 4319 803 4364 numerorum
830 4299 970 4383 vestigia
997 4321 1063 4365 non
1090 4299 1196 4385 magis
1224 4323 1320 4385 quem
1343 4300 1450 4366 Fleck-

311 4401 421 4468 eiseno
445 4407 633 4490 apparuisse
656 4405 827 4470 fateamur.
