3246 5074
277 349 342 414 564
512 365 658 414 earscru
682 365 907 414 aaruurarrs
931 365 1188 414 umunrrurorn

277 508 364 574 aliud
391 511 524 575 omnino
555 511 681 575 nullum
710 508 884 576 Caesarum
916 509 1042 574 familia
1071 510 1238 594 probavit,
1271 508 1304 574 id
1333 509 1421 595 quod

275 618 326 682 vel
350 617 498 682 consules
526 601 685 682 annorum
712 617 788 682 597.
811 617 886 682 663.
909 617 982 681 664.
1007 617 1071 682 690
1099 616 1224 681 docent
1269 615 1422 681 Ceterum

275 746 351 808 pars
374 723 541 788 Romanae
569 724 677 809 gentis
704 724 807 789 Iuliae
835 725 868 788 in
892 723 1000 788 Gallia
1027 723 1211 789 consederit
1238 747 1280 788 an
1302 723 1421 788 Roma·

275 852 336 896 nae
359 851 478 896 nomen
500 830 777 916 patrociniumque
800 829 925 895 Gallica
948 851 1027 915 gens
1050 831 1275 915 assumpserit,
1297 830 1421 896 incom—

274 941 412 1021 pertum.

363 1043 504 1109 Tantum
537 1047 588 1108 est
620 1045 705 1129 quod
738 1044 777 1108 de
810 1045 976 1110 mausoleo
1010 1043 1165 1109 Glanensi
1197 1044 1353 1108 disserere
1386 1044 1421 1108 in

274 1155 426 1235 promptu
450 1155 500 1216 est
523 1151 705 1236 philologo:
728 1172 827 1235 penes
852 1151 1083 1236 archaeologos
1106 1173 1144 1216 ee
1162 1172 1239 1234 pars
1258 1150 1421 1234 quaestio-

273 1258 325 1322 nis
349 1257 412 1322 erit
435 1279 517 1341 quae
541 1258 582 1322 ad
606 1263 710 1321 artem
733 1257 928 1342 singillatim
952 1257 1175 1342 explicandam
1195 1257 1346 1342 pertinet,
1368 1257 1422 1321 cui

274 1364 339 1447 ipsi
362 1364 488 1428 muneri
511 1385 577 1428 non
600 1363 785 1428 defuturum
808 1362 989 1428 Brumnium
1012 1363 1210 1428 confidimus.

363 1717 494 1803 Septem
517 1719 667 1804 poculis
694 1719 849 1784 litteratis
878 1719 1129 1803 antiquissimis,
1157 1742 1239 1804 quae
1266 1721 1359 1786 licuit
1386 1722 1421 1786 in

275 1825 310 1891 P.
334 1825 368 1891 1..
391 1825 434 1892 M.
457 1827 495 1890 u.
518 1827 584 1891 tab.
605 1825 633 1890 X
659 1831 692 1892 et
713 1825 761 1891 XI
784 1831 1035 1911 repraesentare,
1059 1826 1195 1891 Bruanii
1219 1848 1303 1891 nunc
1326 1827 1421 1892 bene·

273 1933 346 1996 ficio
370 1929 521 1997 octavum
545 1933 603 1996 sub
619 1933 653 1995 B
676 1934 799 1997 accedit
823 1933 862 1997 ad
882 1935 1003 1998 cultum
1022 1933 1245 2017 Aesculapii
1269 1937 1420 2017 spectans

274 2039 449 2103 annolus
478 2061 508 2102 u.
532 2060 557 2102 c.
588 2039 727 2103 Romam
754 2043 915 2122 receptum
945 2039 997 2121 [of.
1021 2039 1157 2123 Ephem.
1186 2039 1286 2124 epigr.
1309 2039 1325 2103 I
1348 2062 1378 2122 p.
1399 2041 1419 2104 8

274 2167 303 2210 n.
322 2145 366 2225 5].
399 2141 608 2208 SimilIImum
628 2145 659 2208 id
679 2145 817 2230 quidem,
840 2147 907 2211 sive
925 2151 1057 2230 paterae
1075 2147 1213 2230 figuram
1238 2146 1307 2210 sive
1325 2168 1418 2210 orna-

273 2255 383 2316 menta
405 2253 439 2315 et
461 2250 585 2316 colores
605 2255 747 2335 spectas,
770 2253 887 2336 poculo
906 2253 956 2317 illi
971 2249 1165 2318 VOlOleI
1184 2257 1243 2336 est,
1263 2253 1347 2338 quod
1367 2252 1419 2316 de-

273 2357 429 2422 lineatum
450 2357 551 2422 habes
575 2357 596 2420 I.
611 2379 634 2420 s.
650 2380 674 2422 s.
697 2357 763 2422 tab.
777 2357 851 2442 XO,
874 2359 1035 2424 coloribus
1059 2360 1182 2444 pictum
1206 2359 1241 2424 in
1259 2358 1418 2424 Gerhardi

273 2464 519 2530 ‘Triukschalen
541 2463 595 2528 des
615 2463 762 2529 Berliuer
782 2463 958 2530 Museums’
979 2463 1101 2549 (Berol.
1118 2464 1217 2548 1840)
1241 2467 1306 2530 tab.
1325 2463 1420 2530 VIII:

272 2571 514 2657 inscriptionem
539 2573 647 2634 autem
671 2569 754 2635 hauc
778 2575 941 2639 monstrat

557 2709 1133 2820 alsoteP13P000wtoto

273 2856 338 2921 Vbi
361 2856 496 2920 iteratas
520 2860 597 2938 post
615 2853 725 2919 POCO
746 2855 825 2920 duas
840 2855 895 2920 00
915 2857 1042 2922 litteras
1058 2857 1209 2943 (quarum
1229 2857 1318 2942 prior
1336 2859 1418 2924 mire

272 2965 365 3026 curta
392 2962 497 3046 specie
527 2961 591 3046 est)
624 2983 691 3026 non
724 2963 859 3028 consilio
892 2945 965 3047 ulli,
997 2963 1052 3028 sed
1086 2964 1225 3048 simplici
1257 2963 1419 3029 scribendi

271 3067 379 3150 lapsui
402 3067 511 3131 deberi
534 3070 620 3130 recte
639 3067 727 3132 haud
746 3068 842 3133 dubie
856 3069 1019 3134 Bruanius
1034 3070 1130 3154 vidit,
1153 3071 1208 3154 qui
1232 3075 1265 3134 et
1287 3071 1416 3134 inresti-

272 3173 364 3258 gavit
385 3172 447 3236 hoc
470 3178 714 3238 mouumentum
742 3177 776 3238 et
802 3175 924 3258 primus
952 3177 1133 3260 publicavit
1154 3177 1189 3242 iu
1212 3175 1418 3240 ‘Bullettiuo’

272 3277 358 3344 arch.
381 3277 473 3345 Rom.
496 3301 524 3344 a.
547 3281 631 3346 1864
654 3303 686 3364 p.
703 3282 755 3345 24.
799 3279 847 3346 De
870 3282 996 3367 origiue
1020 3287 1129 3348 autem
1153 3284 1214 3347 etsi
1237 3282 1319 3348 nihil
1344 3303 1418 3346 con-

272 3391 338 3452 stat
359 3387 423 3453 nisi
448 3387 488 3452 eb
516 3386 648 3452 homine
675 3388 819 3473 regionis
843 3386 995 3453 Clusiuae
1019 3389 1154 3454 allatum
1177 3411 1247 3454 esse
1270 3387 1418 3473 Romam,

271 3495 379 3558 temen
404 3495 456 3556 sat
479 3493 694 3576 probabiliter
716 3494 755 3558 de
776 3493 910 3558 Etruria
933 3495 1136 3560 meridionali
1159 3495 1310 3580 cogitari,
1333 3493 1418 3558 uude

272 3597 415 3662 eiusdem
438 3599 566 3682 generis
586 3603 695 3664 cetera
716 3600 833 3684 pocula
852 3621 943 3665 sacra
964 3601 1161 3685 prodIerunt,
1185 3602 1254 3666 iure
1273 3624 1331 3666 suo
1350 3601 1416 3665 iam

271 3707 322 3767 est
344 3703 429 3767 idem
454 3703 617 3769 Brunnius
640 3706 862 3770 ratiocinatus.
893 3703 1043 3771 Ceterum
1062 3707 1096 3770 in
1116 3706 1188 3790 ipsa
1206 3705 1417 3790 inscriptione

270 3811 419 3876 inusitati
446 3811 530 3876 nihil
557 3813 655 3896 inest,
688 3812 816 3896 quando
844 3833 903 3877 nee
930 3810 980 3877 (hl
1008 3811 1231 3898 diphthongus
1258 3833 1317 3879 neo
1341 3835 1416 3897 syu-

271 3939 349 4002 cope
374 3915 423 3982 Ol
447 3919 705 4000 consonantium,
737 3918 776 3982 de
803 3940 868 4002 qua
894 3919 1070 3984 identidem
1099 3919 1218 3984 dictum
1250 3924 1300 3984 est
1327 3920 1417 4002 alibi,

270 4023 441 4108 quicquam
474 4023 661 4088 offensionis
698 4025 732 4089 in
765 4023 862 4090 titulo
895 4027 1039 4090 exeuntis
1072 4027 1190 4092 saeculi
1222 4027 1326 4110 quinti
1363 4027 1415 4090 vel

270 4131 412 4196 ineuntis
436 4130 519 4195 sexti
543 4130 651 4194 habet.

358 4235 485 4301 Licebit
508 4239 615 4302 autem
639 4237 701 4301 hac
724 4238 967 4321 opportunitate
990 4241 1037 4304 uli
1061 4239 1102 4304 ad
1123 4239 1324 4306 recolendam
1348 4259 1415 4303 me-

235 4365 255 4403 x
271 4341 407 4405 moriam
426 4342 494 4408 eius
512 4344 634 4428 poculi,
656 4345 689 4408 in
709 4368 771 4429 quo
792 4346 946 4429 scriptum
965 4367 1035 4410 esse
1050 4341 1414 4412 COERAE·POCOb0

269 4447 323 4510 diu
354 4452 404 4511 est
431 4471 468 4513 ex
497 4473 570 4534 quo,
594 4451 767 4516 Gerrucoio
796 4456 832 4516 ut
855 4452 982 4516 videtur
1009 4457 1153 4536 auctore,
1179 4453 1269 4517 fama
1291 4471 1414 4534 percre-
