3246 5082
500 411 705 470 narmoavu
728 421 992 484 surrovrssmrs.
1256 403 1321 470 273

177 557 334 624 maiorem
356 565 483 644 partem
506 563 541 627 in
564 565 746 649 participiis
770 565 785 628 f
805 567 870 630 turi
894 565 1095 649 copulativae
1113 563 1242 627 litterae
1265 563 1322 627 ali-

176 671 297 749 quanto
318 667 551 734 tenacioribus:
575 671 801 755 arguiturus
825 670 1059 736 Sallustianum
1083 669 1169 753 apud
1189 669 1323 734 Priscia-

173 793 253 836 num
276 771 307 835 X
329 796 360 858 p.
379 775 458 858 882,
488 777 719 842 abnuiturus
744 779 887 843 eiusdem
911 778 996 861 apud
1020 777 1215 842 Arusianurn
1238 774 1321 840 Mes-

175 877 260 943 sium
287 902 317 964 p.
342 881 420 965 210,
460 883 539 946 item
570 883 747 948 abnuitio
780 881 878 950 Pauli
907 883 1046 949 Diaconi
1079 910 1109 971 p.
1132 885 1203 966 108,
1228 885 1245 947 l
1270 881 1363 966 M.,1o

174 985 343 1051 luiturus
367 987 538 1054 Claudiani
562 989 601 1054 de
619 989 667 1056 W
686 1013 773 1057 cons.
791 989 929 1056 Honorii
948 991 1017 1056 141.
1054 991 1099 1056 Et
1121 991 1156 1055 in
1179 989 1230 1055 his
1254 989 1322 1073 qui-

174 1091 247 1155 dem
280 1096 460 1160 contractio
492 1097 631 1162 invaluit
661 1103 699 1162 ut
729 1098 764 1162 in
797 1097 1002 1164 Saturnus:
1039 1101 1199 1182 argutus
1237 1097 1323 1160 enim

145 1197 323 1263 'dixerunt
354 1207 392 1266 ut
428 1203 600 1268 tributus
638 1204 808 1289 indutus,
844 1227 903 1269 nec
939 1205 1094 1269 adiective
1126 1208 1253 1268 tantum
1286 1207 1323 1267 ut

174 1311 325 1394 sentus,
349 1309 404 1374 scd
428 1311 526 1375 etiam
550 1312 800 1396 participialiter
822 1313 957 1378 Plautus
982 1311 1099 1396 Amph.
1122 1310 1179 1395 ΙΙΙ,
1198 1312 1227 1394 2,
1246 1312 1267 1374 2
1291 1315 1324 1376 66

172 1413 288 1479 Pseud.
314 1417 391 1500 7463
419 1417 587 1484 lemnon
609 1424 726 1484 nutus
754 1423 896 1503 tantum,
928 1419 983 1485 sed
1011 1420 1111 1483 etiam
1139 1417 1323 1483 adnutum

172 1521 350 1586 innutum
382 1522 550 1589 Prisciano
583 1529 682 1612 teste3
718 1527 874 1592 ablutus
908 1527 1056 1592 dilutus
1089 1527 1216 1592 elutus
1249 1546 1325 1591 con·

172 1632 308 1694 stanter.
354 1629 405 1695 Ad
429 1631 491 1695 boo
513 1631 615 1715 igitur
638 1634 821 1718 exemplum
844 1635 954 1716 potuit
977 1633 1123 1717 profecto
1147 1633 1267 1717 lingua,
1296 1632 1324 1696 si

171 1735 279 1819 vellet,
304 1736 402 1800 etiam
431 1743 540 1802 stitus
569 1739 696 1804 efficere
720 1761 758 1803 cx
783 1743 921 1803 stitus:
949 1761 1015 1804 non
1038 1739 1157 1821 debuit,
1180 1739 1256 1822 quia
1280 1739 1325 1802 al-

171 1846 243 1906 tera
270 1843 324 1908 via
352 1845 386 1908 in
414 1849 568 1930 promptu
597 1851 680 1929 erat,
709 1847 873 1912 eiciendas
896 1846 1028 1912 vocalis.
1074 1845 1216 1930 Iniitque
1239 1846 1324 1911 banc

171 1949 272 2034 viam,
309 1972 382 2015 cum
414 1953 542 2018 tuitus
574 1953 713 2019 formam
745 1955 895 2019 mutabat
927 1975 1004 2019 sane
1041 1953 1075 2017 in
1107 1956 1233 2038 66666,
1269 1953 1324 2017 sed

172 2057 277 2123 multo
300 2061 411 2122 tamen
433 2059 633 2142 frequentius
661 2061 695 2125 in
725 2065 846 2138 66666.
891 2060 978 2126 Nam
1002 2083 1074 2126 cum
1098 2083 1164 2125 nou
1186 2061 1322 2125 inusita-

171 2169 242 2230 tum
265 2163 365 2230 fuerit
387 2165 562 2232 ruiturus
591 2172 689 2253 atque
718 2168 797 2233 adeo
822 2185 1065 2234 AEDIGVLAM
1081 2203 1087 2216 ·
1102 2184 1323 2232 61661666-

104 2357 108 2366 ,
171 2289 653 2338 nuovo-annueramus
683 2279 767 2340 teste
795 2273 911 2362 Pighio
941 2277 1047 2338 exstet
1075 2275 1109 2338 in
1136 2275 1234 2338 titulo
1262 2272 1324 2337 Ito.

171 2399 270 2442 mano
295 2377 427 2443 Gruteri
450 2403 481 2464 p.
502 2381 596 2465 1671,
616 2382 636 2445 6
661 2379 710 2462 [0.
729 2381 754 2446 I.
773 2380 807 2446 L.
830 2381 888 2464 VI,
909 2383 925 2446 1
950 2403 981 2446 n.
1001 2382 1082 2461 626]
1114 2402 1209 2464 quem
1240 2401 1324 2443 com-

170 2485 366 2550 memoravit
389 2483 538 2551 Struvius
563 2487 601 2551 de
625 2487 705 2552 decl.
729 2493 761 2552 et
784 2488 865 2552 coni.
888 2511 919 2572 p.
940 2487 1014 2571 293,
1043 2490 1154 2551 tamen
1178 2490 1211 2550 ot
1234 2488 1323 2548 ruta

171 2610 287 2654 caesa
316 2589 404 2655 dicta
427 2613 497 2656 esse
520 2592 679 2676 producta
701 2613 723 2657 6
746 2591 852 2657 Varro
876 2598 990 2658 auctor
1013 2596 1063 2656 est
1086 2591 1125 2655 de
1148 2591 1167 2654 l.
1192 2591 1247 2654 lat.
1267 2588 1324 2674 IX,

173 2697 238 2761 104
261 2701 295 2762 66
318 2697 356 2762 de
380 2703 529 2784 correpta
550 2699 583 2763 in
609 2699 765 2764 dirutus
794 2702 928 2764 erutus
952 2700 1115 2764 obrutus
1138 2699 1323 2782 prorutus

172 2803 387 2868 semirutas
407 2804 513 2869 vocali
526 2805 559 2870 in
575 2806 692 2892 vulgus
713 2809 849 2872 constat.
873 2806 1047 2891 Triplicem
1066 2805 1168 2889 igitur
1182 2803 1324 2888 fingendi

172 2909 318 2974 ordinem
341 2909 443 2977 babes
468 2912 596 2976 ruitus
625 2917 737 2978 rutus
763 2915 888 2995 66666,
911 2935 1043 2998 prorsus
1066 2934 1178 2997 parem
1202 2909 1324 2995 triplici
1421 2905 1429 2915 '

171 3016 278 3082 ordini
302 3015 516 3082 Staturnus
541 3016 732 3084 Saturnus
756 3023 867 3084 stitus
889 3019 1077 3084 formarum.

263 3123 314 3188 Ad
342 3123 401 3188 bas
430 3128 539 3188 tamen
572 3123 693 3190 formas
727 3126 831 3190 altera
864 3147 902 3190 ex
934 3129 1027 3212 parte
1060 3125 1158 3190 etiam
1190 3125 1323 3210 propius

173 3230 311 3315 accedit,
340 3231 459 3314 quippe
489 3231 601 3296 eadem
632 3233 859 3315 coniugatione
883 3233 1067 3310 conclusus,
1099 3231 1218 3316 duplex
1245 3229 1323 3296 ordo

173 3336 215 3399 ab
239 3357 277 3399 ea
300 3337 400 3420 stirpe
429 3359 510 3420 quae
538 3341 588 3401 est
616 3341 679 3402 sta
706 3338 874 3402 oriundus:
906 3338 989 3402 unde
1019 3336 1104 3422 quod
1133 3340 1166 3400 et
1194 3341 1324 3401 status

172 3440 295 3505 factum
318 3447 368 3507 est
391 3447 424 3507 et
447 3447 591 3521 status,
615 3443 691 3508 item
716 3465 782 3509 non
802 3444 903 3508 alium
926 3444 1050 3508 fontem
1069 3443 1133 3506 nisi
1151 3442 1324 3525 pristinam

173 3549 356 3612 sta-ltus
384 3549 523 3614 formam
552 3549 659 3614 babet.
705 3548 753 3613 De
778 3571 841 3634 quo
865 3549 962 3614 verbo
991 3549 1143 3632 pleraque
1167 3571 1184 3612 e
1207 3548 1324 3614 veteri·

172 3653 233 3718 bus
262 3656 484 3738 grammaticis
513 3655 698 3720 Priscianus
728 3655 776 3721 IV
804 3679 833 3740 p.
853 3655 919 3720 625
938 3677 985 3740 sq.
1015 3657 1048 3720 et
1075 3653 1121 3720 IX
1149 3679 1180 3740 p.
1200 3656 1274 3739 863,
1307 3676 1324 3719 e

171 3761 408 3826 recentioribus
442 3761 581 3827 Vossius
618 3761 657 3827 de
693 3767 764 3827 arte
801 3783 936 3848 gramm.
973 3761 1020 3844 Π,
1047 3762 1090 3825 22
1127 3784 1317 3849 congessere

170 3865 348 3934 Enimvero
372 3873 492 3933 certum
524 3873 574 3933 est
601 3869 860 3934 testimoniorum
887 3869 949 3932 fide
976 3868 1195 3952 locupletium,
1218 3870 1325 3952 longa,

171 3974 279 4039 vocali
303 3997 372 4041 esse
396 3979 576 4040 staturus
607 3977 860 4040 constaturus
889 3975 1119 4040 obstaturus
1149 3979 1324 4059 praesta·

172 4084 283 4144 turus
315 4083 502 4168 participia,
532 4082 611 4147 item
643 4087 870 4166 praestatus
899 4087 944 4165 et,
979 4082 1007 4146 si
1029 4081 1196 4146 Prisciano
1225 4080 1323 4145 eredi-

172 4207 254 4270 mus,
278 4186 493 4254 ‘astatum'2
521 4194 634 4254 contra
657 4193 807 4272 correpta
831 4193 959 4254 status
991 4211 1062 4253 cum
1086 4187 1324 4252 substantivum

172 4297 242 4358 tum
266 4296 473 4380 participium
497 4292 549 4380 (ut
573 4298 678 4359 stata
705 4315 829 4378 sacra,
861 4295 990 4379 signa,
1013 4295 1126 4376 dona,
1148 4296 1325 4378 tempora

173 4403 207 4464 et
225 4401 386 4486 imprimis
405 4401 567 4486 frequenti
587 4425 646 4466 usu
666 4405 795 4466 status
818 4397 930 4485 dies),
952 4400 1030 4464 item
1051 4403 1178 4464 stator
1202 4401 1323 4466 statio

171 4509 305 4573 statuo
328 4530 394 4572 666
413 4529 485 4572 eum
504 4507 664 4574 stabilis
689 4506 894 4574 stabulum.
916 4505 1030 4592 Itaque
1048 4527 1113 4572 non
1138 4509 1188 4572 est
1206 4507 1324 4572 mirum

228 4631 269 4666 66.
284 4630 432 4666 nrrscaaan
454 4631 586 4666 orvscvns
606 4632 643 4667 iv.
1085 4618 1117 4666 18
