3282 5076
291 380 356 444 212
437 397 583 445 rrrvnvs
609 397 797 444 conruunt:
822 398 1026 447 nosrnnmn
1051 397 1287 445 nvnnmsunn.

208 571 210 576 ·
291 537 421 624 Ganges
442 538 480 604 de
495 537 598 606 Gozze
623 541 770 605 advocati
786 540 987 628 Pisaurensis
1011 538 1296 605 commentariolus
1310 537 1434 604 Romae

289 646 411 730 prodiit
434 647 480 711 sic
504 648 678 732 inscriptus
703 648 887 714 ‘Iscrizione
911 648 995 714 della
1017 648 1094 712 base
1118 646 1205 711 della
1223 647 1361 711 colonna
1383 669 1434 711 ro·

289 753 403 817 strata’
419 776 444 818 e.
459 745 488 838 q.
506 778 539 838 s,
558 755 681 820 latinus
699 756 806 822 factus
825 758 866 821 ab
882 755 1071 821 Abrahamo
1085 753 1239 843 Preigero
1253 753 1287 818 in
1302 753 1433 818 Graevii

288 859 530 944 Burmannique
558 862 722 928 Thesauro
757 863 855 947 antiq.
873 863 971 946 'Ital.,
1004 861 1066 926 vol.
1090 858 1137 924 IX
1163 865 1256 945 parte
1280 860 1313 924 8:
1352 881 1433 943 quae

288 967 395 1050 opella
422 971 459 1031 ut
485 990 585 1053 prope
612 973 725 1036 totae
749 968 912 1035 Oiaceouii
941 969 1043 1052 copiis
1071 967 1168 1033 ducta
1191 971 1254 1051 est,
1282 967 1330 1033 ita
1351 966 1433 1032 nihil

287 1073 441 1138 utilitatis
465 1073 571 1139 adfert
594 1077 658 1140 nisi
681 1077 766 1161 quod
790 1077 848 1142 illa
870 1076 936 1140 iam
959 1079 1066 1140 aetate
1088 1079 1121 1138 ct
1139 1073 1254 1140 leviter
1272 1073 1432 1141 reconcin-

286 1183 396 1244 natam
420 1181 567 1246 tabulam
590 1205 804 1249 marmoream
829 1187 862 1247 et
885 1204 958 1248 eum
981 1203 1093 1246 recens
1111 1179 1199 1245 facta
1217 1182 1368 1248 columna
1385 1182 1433 1246 ita

286 1286 386 1351 fuisse
410 1287 616 1353 coniunctam
640 1288 734 1356 docet
757 1290 863 1375 qualis
887 1288 1061 1354 ‘Palatium
1083 1285 1369 1354 Conservatorum'
1392 1289 1432 1354 ad

287 1392 372 1458 hano
395 1393 480 1458 diem
499 1397 603 1458 ornat.
632 1392 746 1480 Neque
765 1396 852 1460 euim
869 1394 1007 1479 novicia,
1030 1415 1111 1477 quae
1129 1392 1320 1459 hodiernam
1338 1395 1433 1460 tabu-

284 1501 350 1566 lam
372 1502 576 1587 dedecorant,
598 1503 825 1588 supplementa
848 1525 887 1567 ex
911 1499 1147 1586 antiquioribus
1163 1499 1281 1566 Goazio
1301 1501 1439 1567 editori-¹

285 1607 345 1671 bus
374 1609 459 1674 ullus
487 1609 581 1674 vidit:
615 1633 697 1696 quae
720 1608 884 1676 Oiacconii
911 1607 1119 1693 potissimum
1143 1607 1337 1673 auctoritate
1361 1629 1431 1672 esse

283 1713 388 1780 incisa
415 1716 578 1796 videntur,
610 1715 881 1800 quemadmodum
909 1714 944 1779 in
972 1714 1044 1798 ipsa
1071 1713 1221 1778 columna
1243 1713 1432 1779 fabricanda

282 1818 505 1887 Lafrerianam
533 1822 657 1908 potius,
686 1827 843 1908 quantum
871 1822 978 1906 video,
1010 1843 1107 1906 quam
1134 1821 1430 1886 'Prameaainiauam

283 1927 459 2010 imaginem
483 1929 585 1993 secuti
608 1931 693 1993 sunt.
725 1929 861 1995 Prorsus
881 1928 981 1992 talem
1005 1931 1123 2011 autem,
1143 1927 1271 2010 qualem
1286 1926 1430 2010 Gozaius,

282 2032 428 2097 tabulam
452 2034 538 2098 cirea
561 2055 681 2098 annum
707 2035 792 2099 1663
816 2033 938 2098 Romae
962 2032 1173 2118 peregrinans
1195 2030 1289 2096 Elias
1307 2031 1428 2097 Bohe-

281 2140 403 2205 rullus
422 2140 511 2222 vidit,
534 2139 624 2204 ouius
649 2139 831 2224 exemplum
850 2139 988 2205 mirifica
1006 2137 1177 2222 diligentia
1193 2137 1316 2201 factum
1330 2137 1428 2203 Grae-

281 2245 354 2310 vius
377 2247 411 2312 in
434 2245 637 2330 praefatione
660 2246 742 2311 tomi
764 2245 811 2310 IV
830 2246 988 2312 Thesauri
1011 2245 1111 2330 antiq.
1132 2244 1245 2329 posuit
1267 2247 1386 2331 pagina
1409 2269 1429 2311 a

281 2352 345 2416 fine
374 2358 499 2436 quarta.
546 2352 638 2428 Quod
666 2352 849 2436 exemplum
878 2357 915 2418 ut
941 2351 1037 2416 fidem
1065 2349 1184 2435 lapidis
1213 2373 1313 2437 prope
1336 2375 1428 2418 num-

281 2478 378 2541 quam
401 2459 563 2544 destituit,
587 2460 635 2524 ita
659 2459 769 2544 aliquo
793 2463 902 2524 tamen
927 2459 968 2524 ab
993 2457 1048 2523 illa
1070 2457 1243 2523 intervallo
1267 2479 1340 2523 cum
1360 2458 1428 2524 Ma·

169 2569 177 2591 ⁴
280 2565 389 2630 nutius
412 2569 483 2631 tum
506 2566 577 2652 ipse
591 2563 781 2630 Oiacconius
804 2563 940 2630 distant:
963 2585 1022 2628 nec
1046 2585 1118 2629 cum
1141 2563 1321 2648 pulvisculo
1345 2587 1428 2631 mar-

240 2663 242 2667 ’
281 2672 380 2737 moris
404 2673 594 2739 memoriam
616 2671 864 2736 Kellermannus
892 2670 1043 2736 exhausit
1069 2670 1104 2736 iu
1127 2669 1239 2735 Orellii
1262 2671 1428 2739 Analectis

281 2779 498 2864 epigraphicis
527 2778 636 2844 Turioi
663 2801 691 2843 a.
718 2779 803 2844 1838
832 2778 936 2842 editis.
989 2775 1111 2844 Contra
1138 2777 1220 2842 nihil
1248 2779 1427 2864 quicquam,

281 2884 366 2968 quod
390 2905 458 2948 non
479 2885 709 2970 locupletiores
727 2887 828 2949 testes
847 2883 976 2966 habeat,
1000 2883 1050 2948 vel
1065 2877 1280 2951 Trameaairiis
1299 2887 1426 2951 creden·

281 2991 356 3055 dum
379 2989 431 3054 vel
453 2989 572 3075 Pighio
596 3011 669 3055 cum
691 2990 838 3056 Lafrerio
868 2995 901 3057 et
923 2990 1088 3056 Florentio
1117 2992 1168 3057 rel
1192 2993 1282 3057 Iusto
1306 2991 1425 3077 Lipsio.

281 3133 322 3142 -
342 3096 431 3162 Haec
451 3099 558 3162 autem
578 3096 687 3162 omnia
705 3095 791 3181 quod
810 3098 976 3180 potuimus
995 3097 1042 3163 ita
1059 3099 1109 3162 uti
1127 3099 1262 3163 fecimus
1284 3098 1426 3182 definire,

280 3223 399 3288 magna
422 3225 460 3267 ex
483 3206 577 3286 parte
600 3203 718 3268 litteris
746 3203 991 3269 humanissimis
1014 3205 1182 3289 debemus,
1210 3205 1326 3289 quibus
1350 3209 1425 3270 ante

279 3308 340 3374 hos
363 3331 479 3376 novem
507 3331 609 3375 annos
639 3309 814 3376 identidem
842 3311 1083 3377 sciscitantibus
1112 3311 1205 3376 nobis
1233 3333 1425 3396 responsum

280 3419 330 3480 est
359 3439 379 3480 a
400 3415 582 3500 Theophilo
606 3417 752 3502 Iulioque
780 3415 1035 3483 Friedlaeuderis
1059 3417 1337 3506 Berolinensibus,
1366 3419 1425 3484 Lu·

280 3521 393 3587 dovioo
412 3521 538 3608 Langia
561 3526 631 3588 tum
646 3522 855 3610 Gottingensi
877 3547 962 3590 nunc
977 3522 1132 3608 Gissensi,
1155 3521 1273 3591 Oarolo
1291 3525 1423 3590 Halmio

279 3627 475 3713 Monacensi,
498 3628 637 3696 Henrico
660 3629 806 3697 Brunnio
830 3629 1078 3697 Foroliciniensi
1101 3653 1188 3698 nunc
1210 3631 1366 3698 Romano.

368 3737 471 3814 Quam
490 3737 695 3822 paucissimis
714 3736 1011 3820 comprehendimus
1026 3760 1108 3822 quae
1126 3742 1299 3822 potuerant
1313 3741 1346 3802 et
1359 3738 1421 3802 for·

278 3849 367 3910 tasse
400 3842 578 3908 debuerant
605 3842 877 3909 commentatione
910 3844 1005 3930 louge
1036 3844 1184 3910 uberiore
1217 3843 1422 3929 pertractari:

279 3950 334 4015 sed
357 3950 558 4035 temporibus
582 3950 757 4016 cedendum
782 3954 865 4034 erat,
894 3973 976 4036 quae
1004 3951 1101 4038 longe
1130 3951 1420 4016 diversissimarum

279 4057 587 4122 commentationum
620 4058 926 4142 contentionumque
958 4059 1185 4124 necessitatem
1215 4057 1421 4140 imponebant

278 4168 312 4227 et
334 4163 476 4228 officium
500 4165 712 4248 imperabant.
