3116 5066
322 311 384 376 134
589 327 812 374 uouvuauus
836 324 1074 372 arroarrarcr
1098 324 1189 372 rari.

320 493 382 556 quo
410 491 522 536 rursus
551 469 591 534 cd
623 469 851 554 monosyllaba
881 469 1059 535 transitum
1091 471 1141 533 est
1172 466 1277 536 iudice
1305 466 1458 554 Capuensi

280 605 304 646 ιι
319 578 435 664 lapide,
458 577 570 642 obstat
584 577 658 662 ipsa
671 575 705 639 M
723 577 854 642 litterae
873 576 1072 661 suppressio:
1096 575 1195 660 cuius,
1217 598 1292 642 cum
1311 575 1350 640 dc
1362 574 1457 640 Mum·

319 686 377 752 mii
400 683 611 778 inscriptione
635 683 893 768 commentabar,
924 706 991 750 non
1017 684 1147 750 novisse
1175 706 1225 750 me
1254 684 1458 750 recentiorem

320 797 438 858 testem
462 813 559 876 quam
580 789 615 855 L.
631 787 792 874 Scipionis
816 787 872 856 On.
892 788 913 854 f.
928 788 985 856 Cn.
1002 813 1033 856 n.
1056 791 1188 856 titulum
1212 791 1360 856 dicebam
1382 791 1458 856 circa

320 923 348 966 a.
367 897 433 964 615
457 898 628 982 scriptum,
659 919 743 962 nunc
771 897 870 962 etiam
898 897 1019 962 certius
1049 897 1203 984 intellego
1232 897 1311 963 anni
1341 897 1459 962 circiter

321 1007 387 1072 620
409 1007 527 1072 finibus
555 1027 649 1070 usum
676 1004 916 1070 terminandum
945 1027 1025 1072 esse.
1074 1005 1161 1071 Nam
1193 1027 1277 1091 quac
1307 1005 1459 1090 posterior

321 1119 411 1180 aetas
439 1113 586 1198 exempla
613 1109 707 1180 offert
738 1113 834 1198 longe
862 1112 1072 1197 paucissima,
1108 1135 1147 1178 ea
1178 1115 1236 1178 aut
1269 1111 1457 1198 singularem

321 1221 483 1308 quandum
506 1220 666 1287 rationem
688 1219 808 1286 habere
832 1225 890 1286 aut
913 1243 1040 1286 summa
1062 1243 1134 1285 cum
1153 1219 1388 1306 probabilitate
1405 1219 1458 1284 soli

321 1327 536 1411 lapicidarum
564 1327 707 1392 incuriae
739 1329 841 1394 tribui
872 1351 945 1413 cum
977 1328 1045 1394 illic
1077 1327 1261 1414 significavi
1290 1333 1360 1392 tum
1389 1324 1457 1390 alibi

322 1435 394 1499 aliis
418 1456 469 1498 me
496 1457 727 1519 persuasurum
756 1435 895 1521 confido,
926 1437 983 1502 ubi
1011 1436 1167 1521 quaedam
1196 1457 1235 1500 ex
1263 1435 1326 1500 hoc
1354 1454 1458 1520 genere

322 1541 415 1606 valde
438 1541 663 1608 memorabilia
685 1543 794 1608 dedita
817 1565 915 1628 opera
937 1547 1024 1610 ttrac
1009 1545 1097 1609 t.abo

412 1646 555 1714 Habes
546 1649 608 1735 1git
610 1672 649 1714 ur
594 1649 759 1716 tunde
787 1649 825 1715 dc
849 1649 973 1716 DONV
1001 1675 1059 1736 pro
1083 1649 1242 1716 DONVM
1273 1649 1381 1735 posito
1403 1669 1459 1712 uon

322 1755 511 1822 dubitanter
530 1757 651 1822 iudices
671 1755 763 1844 (nam
782 1759 857 1824 RE·
869 1757 972 1824 SVA·
983 1755 1222 1824 DIFEIDENS
1241 1757 1363 1844 probos
1382 1754 1457 1820 abla-

322 1863 408 1928 tivos
428 1885 497 1929 esse
516 1863 684 1929 verissime
703 1870 779 1931 cont
780 1887 816 1930 ra
764 1864 1017 1932 tHenzeuum
1031 1865 1211 1932 Freundius
1226 1865 1354 1932 monuit
1366 1858 1457 1927 Musei

323 1967 403 2052 phil.
426 1969 494 2035 tV
518 1993 548 2054 p.
568 1970 657 2056 605).
708 1970 771 2037 Sed
804 1972 910 2038 miuus
941 1973 1038 2038 etiam
1072 1973 1290 2039 dubitationis
1323 1970 1411 2036 relict
1413 1988 1457 2032 um

324 2093 394 2144 esse
417 2073 456 2138 de
480 2073 667 2142 DANVNT
695 2078 802 2144 forma
828 2083 923 2164 puto,
954 2103 1051 2164 quam
1082 2079 1292 2164 praecipuam
1324 2095 1458 2144 caussam

324 2180 437 2248 haberi
460 2184 545 2268 volo,
568 2207 625 2250 cur
647 2185 728 2272 ipsis
751 2186 884 2284 septimi
906 2187 1051 2272 sortique
1071 2185 1191 2252 sacculi
1210 2185 1361 2252 confiniis
1376 2181 1458 2248 Sora-

324 2311 402 2354 num
430 2289 562 2356 titulum
591 2290 787 2357 admoveam.
834 2292 896 2369 Qui
924 2294 1009 2360 enim
1037 2300 1125 2378 sunt,
1163 2310 1243 2380 quos
1278 2293 1337 2360 illa
1366 2291 1458 2356 forms

324 2419 401 2462 usos
424 2397 633 2466 noverimus?
670 2398 807 2464 Deciens
831 2400 882 2465 vel
906 2400 1096 2467 duodeciens
1119 2383 1391 2468 danrrmPlautus
1413 2417 1459 2480 po·

326 2503 405 2570 suit:
429 2504 479 2570 cui
504 2505 589 2590 quod
612 2507 711 2571 semel
733 2507 813 2573 dane
839 2507 1068 2592 imperativum
1091 2508 1278 2574 tribuerunt
1301 2502 1459 2574 Asinariec

325 2633 353 2675 v.
373 2611 447 2695 671,
470 2611 602 2678 videant
625 2635 687 2700 quo
712 2614 781 2678 iure
803 2614 954 2680 fecerint:
980 2615 1066 2700 quod
1089 2615 1188 2680 etiam
1211 2616 1330 2681 dorcam
1351 2609 1459 2677 Hence·

324 2740 385 2782 nus
418 2719 581 2804 ascripsit,
614 2719 724 2784 nescio
757 2743 820 2804 quo
848 2721 882 2786 id
913 2725 1044 2786 auctore
1071 2719 1198 2786 dixerit.
1243 2719 1360 2788 Plauto
1386 2715 1458 2784 Nae-

325 2824 414 2888 vium
438 2823 614 2889 Pacuvium
637 2823 815 2890 Caecilium
839 2826 929 2892 addit
951 2825 1077 2892 Nonius
1101 2851 1131 2911 p.
1151 2827 1207 2892 97:
1238 2829 1324 2894 sexti
1353 2820 1459 2891 saeculi

325 2934 440 3015 poetas
464 2953 586 3010 omnes,
609 2931 734 2997 nullum
758 2938 830 3018 sept
832 2935 897 2998 imi.
936 2933 986 3000 Nc
1010 2934 1141 3000 Terent
1116 2939 1181 3001 trus
1206 2935 1336 3020 quidem
1353 2932 1460 2999 ᾱαιιιιιιί
1487 3003 1498 3022 ⁸

326 3059 464 3121 usquam
496 3037 547 3100 vel
580 3036 702 3122 aliquid
730 3038 846 3105 simile.
895 3039 981 3106 Nam
1009 3064 1049 3106 ne
1078 3042 1200 3108 similia
1228 3043 1357 3128 quidem
1385 3037 1459 3102 ultro

327 3143 412 3208 sexti
430 3143 510 3208 fines
525 3163 699 3229 progressa
714 3148 797 3211 sunt
825 3145 942 3222 Qualia
957 3147 1058 3214 habes
1075 3151 1243 3232 nequinont
1258 3127 1459 3216 imminuatur

327 3249 464 3315 Liviana
465 3251 657 3334 ,modinum
669 3253 815 3317 redinunt
827 3252 978 3320 Enniana
989 3254 1085 3322 Festo
1101 3259 1184 3321 testa
1199 3256 1294 3320 vel
1265 3278 1334 3322 crus
1348 3248 1457 3319 brevia·

327 3362 412 3423 tore:
435 3358 514 3423 item
532 3358 718 3424 Ennianum
741 3361 885 3426 caricare
903 3361 942 3426 de
961 3385 1025 3448 quo
1044 3386 1147 3448 nuper
1167 3365 1279 3448 [supra
1297 3385 1328 3448 p.
1338 3361 1371 3442 9]
1390 3353 1460 3422 dixi:

327 3464 514 3530 Plautinum
538 3466 745 3549 coquinalum,
769 3466 796 3530 si
819 3467 900 3533 fides
924 3468 1087 3534 codicibus
1111 3469 1302 3535 Aululariae
1325 3462 1386 3550 HI,
1402 3459 1458 3544 l,3

328 3577 362 3638 et
383 3571 536 3638 Pseuduli
559 3571 638 3656 853,
671 3573 727 3638 ubi
755 3576 943 3657 capicitatem
970 3575 1089 3662 legisse
1111 3575 1228 3641 Festus
1252 3599 1283 3661 p.
1303 3577 1342 3642 61
1372 3561 1460 3636 videri

327 3683 446 3764 potest
478 3676 547 3742 Nec
570 3677 621 3742 vcl
644 3679 776 3764 probari
799 3681 851 3745 vel
876 3702 948 3746 cum
968 3681 1077 3766 aliqua
1096 3682 1202 3766 specie
1224 3681 1368 3749 veritatis
1386 3669 1459 3742 credi

328 3787 451 3872 potest,
473 3805 540 3850 non
564 3783 707 3850 eiusdem
731 3787 849 3851 aetatis
874 3791 980 3853 cetera
1002 3809 1074 3852 esse
1098 3787 1167 3852 sine
1188 3787 1383 3855 testimoniis
1400 3800 1460 3848 auc·

328 3900 438 3960 torum
465 3889 605 3956 aFesto
632 3893 682 3956 vel
707 3913 723 3957 e
746 3891 844 3958 Festo
873 3898 1035 3978 excerpta:
1066 3895 1231 3978 explebunt
1252 3897 1378 3962 obintrat
1395 3885 1460 3972 sert

328 4006 409 4067 nunt
429 3999 576 4066 solinunt
611 3997 697 4062 Nam
721 3999 883 4065 communi
906 3999 987 4066 hacc
1010 4001 1121 4066 omnia
1140 4002 1211 4088 lege
1229 4001 1292 4068 hac
1309 4019 1406 4084 regua
1407 3999 1460 4072 thr

330 4109 414 4196 quod
438 4129 458 4171 a
480 4103 654 4190 primitivis
678 4107 850 4172 verborum
878 4107 993 4172 formis
1020 4108 1241 4193 productiores
1270 4109 1374 4176 factae
1396 4097 1461 4168 sunl

330 4215 478 4280 immissa
502 4213 539 4276 in
562 4212 704 4296 syllaba,
737 4213 793 4278 sed
819 4235 858 4278 ea
885 4213 1015 4279 brevem
1042 4216 1186 4280 vocalem
1213 4193 1279 4282 nod
1307 4214 1407 4280 miuus
1431 4205 1459 4268 in

331 4329 388 4410 alia
410 4353 522 4424 reputet
545 4352 631 4408 semel
654 4351 900 4408 FACIENDAM
892 4369 949 4408 ram
972 4352 1001 4408 in
1026 4353 1075 4411 SC.
1094 4355 1129 4412 de
1153 4354 1370 4412 Bacchanalibus
1391 4339 1458 4416 1083)

331 4443 359 4503 C.
374 4441 432 4516 W.]
