3116 5066
259 305 301 368 86
631 319 782 367 mnvnvs
806 319 1026 367 nvunmuvs.

257 464 380 528 duobus
395 464 592 528 hexametris
614 463 759 527 subiecta
774 462 850 539 QVI
863 459 1282 527 ·V1X1T··ANNIS·XXX
1297 459 1414 536 verba,

256 569 334 634 item
358 569 486 654 integro
512 573 548 632 ut
570 569 664 634 video
690 569 818 633 senario
842 569 876 632 in
891 567 1056 633 Orelliano
1081 568 1168 632 4749
1193 565 1242 648 [O.
1266 567 1290 632 I.
1315 567 1352 632 L.
1378 566 1413 631 Π

257 699 286 741 n.
308 677 424 756 3181]:

390 799 585 884 Frequens
612 801 740 864 uiator
764 802 876 884 saepe
901 801 965 884 qui
994 799 1159 883 transis,
1186 801 1273 885 lege

256 925 441 1009 postposita
464 923 611 989 NA'PVS
628 961 633 971 ·
650 923 732 988 PRO
747 959 753 972 ·
770 923 826 988 ΤΕ
843 961 848 974 ·
865 923 967 1005 SVM,
991 926 1041 990 vel
1063 926 1242 1010 praemissa
1263 925 1300 988 in
1316 925 1413 988 Orcl-

257 1032 345 1095 liana
364 1032 451 1096 4838
473 1031 510 1111 [Ι.
525 1029 564 1094 Ν.
584 1032 658 1111 166]
685 1031 822 1096 disticho
847 1032 989 1116 elegiaco
1013 1033 1092 1096 haec
1112 1029 1414 1096 flavio-SEPTI-

258 1135 924 1202 mereremur-Tuane·LEVIS:
963 1137 1116 1202 maiorem
1159 1160 1232 1202 cunr
1269 1137 1416 1202 Reatina

259 1245 328 1307 sive
352 1244 453 1308 Munii
478 1244 544 1307 sive
569 1243 717 1307 Mummii
741 1243 837 1307 Orell.
866 1243 949 1308 1862
964 1243 1020 1326 [C.
1040 1245 1064 1308 Ι.
1084 1243 1118 1309 L.
1140 1246 1157 1310 I
1181 1269 1211 1308 n.
1231 1245 1327 1327 542J,
1355 1245 1416 1308 ubi

260 1351 451 1414 continuata
475 1351 645 1415 verborum
670 1351 910 1415 construetione
934 1353 1090 1416 vocativis
1111 1356 1202 1416 extra
1217 1374 1331 1416 versus
1357 1375 1415 1434 po-

260 1457 333 1520 sitis
366 1479 541 1540 pronomen
574 1458 608 1520 in
641 1457 712 1539 ipso
745 1458 884 1520 carmine
915 1457 1098 1544 refertur.*)
1154 1457 1278 1539 [Addas
1313 1459 1416 1550 etiam

261 1564 378 1628 Murat.
402 1587 432 1647 p.
455 1564 548 1646 1414,
567 1563 610 1643 9.]
654 1562 858 1646 Quamquam
882 1565 993 1648 quaeri
1018 1569 1126 1648 potest
1149 1587 1228 1629 num
1254 1586 1320 1628 non
1345 1565 1415 1627 sint

262 1671 369 1736 soluta
392 1671 533 1734 numeris
557 1669 656 1733 verba
679 1669 745 1752 illa,
769 1670 824 1734 sed
848 1671 882 1734 in
905 1671 1103 1736 trochaicam
1123 1671 1303 1736 clausulam
1322 1667 1416 1733 ‘lm-

261 1782 418 1863 perator
456 1777 611 1840 de‘dicat
645 1773 788 1840 Saturnii
825 1799 937 1840 versus
973 1777 1117 1841 desinere
1152 1778 1270 1842 rectius
1296 1776 1415 1841 existi·

262 1889 404 1950 mentur:
435 1883 563 1968 quando
588 1883 687 1946 etiam
711 1883 744 1946 in
769 1883 910 1947 carmine
939 1884 1078 1949 fratrum
1102 1884 1270 1950 Arvalium
1300 1883 1416 1966 plenos

264 1990 434 2057 Saturnios
468 1990 630 2054 breviores
664 1989 795 2072 quidam
829 1991 957 2056 ordines
991 1995 1023 2055 et
1051 1991 1246 2056 antecedunt
1279 1995 1312 2054 et
1341 1989 1416 2054 sub·

265 2103 452 2182 sequuntur.

355 2203 505 2270 Ceterum
531 2205 563 2267 in
588 2205 695 2268 verbis
719 2205 930 2270 llummianis
954 2208 1098 2271 notabile
1115 2211 1178 2270 est
1200 2227 1300 2290 paene
1325 2205 1419 2280 nihil,

265 2313 298 2376 in
328 2311 447 2375 litteris
476 2331 534 2374 nec
563 2332 666 2392 pauca
694 2333 753 2375 nec
776 2311 869 2376 levia.
915 2311 987 2376 Nisi
1011 2313 1094 2396 quod
1124 2311 1312 2378 OORINTO
1343 2311 1417 2375 DE·

265 2417 379 2482 LETO
409 2421 517 2481 utrum
545 2421 659 2482 neutro
689 2441 729 2482 an
759 2419 940 2483 masculino
971 2441 1085 2504 genere
1113 2419 1235 2484 dictum
1262 2420 1319 2502 sit,
1351 2441 1418 2483 am·

266 2527 398 2609 biguum
424 2529 480 2588 est.
529 2524 613 2588 Nam
642 2525 703 2589 hoc
732 2525 861 2608 quidem
891 2548 1021 2590 manare
1045 2547 1062 2588 e
1087 2525 1283 2590 Graecorum
1307 2525 1417 2590 imita·

265 2631 354 2696 tione
378 2633 494 2716 potuit,
518 2655 598 2716 quos
622 2633 721 2697 etiam
745 2635 802 2696 τὸν
830 2633 982 2711 Κόρινθον
1011 2632 1130 2696 dixisse
1161 2633 1222 2696 etsi
1250 2655 1315 2696 non
1348 2635 1416 2696 tam

268 2744 363 2822 certe,
388 2761 485 2823 quam
505 2739 659 2804 Straboni
678 2739 757 2802 Vlll
778 2763 808 2821 p.
823 2739 887 2802 378
907 2739 1011 2802 visum
1033 2745 1090 2821 cst,
1110 2739 1321 2804 Homericum
1336 2737 1417 2803 illud

269 2845 405 2924 ἀφνειόν
429 2867 463 2910 τε
485 2847 638 2924 Κόρινθον
665 2845 796 2926 evincit,
821 2867 857 2908 ac
883 2867 922 2908 ne
947 2849 1085 2910 κλειτοῖο
1107 2847 1260 2924 Κορίνθου
1285 2845 1416 2929 quidem

269 2952 304 3014 in
328 2951 457 3014 oraculo
478 2950 637 3015 Herodoti
661 2950 700 3032 V,
720 2952 762 3014 92
785 2949 927 3035 (quando
952 2953 1049 3015 etiam
1075 2955 1188 3016 κλυτὸς
1212 2951 1418 3030 Ἱπποδάμεια

271 3063 303 3120 et
334 3057 447 3120 κλυτότ
472 3055 653 3137 Ἀμφιτρίτη
688 3062 736 3121 est
770 3057 855 3140 apud
889 3056 1067 3121 Homerum
1101 3061 1133 3122 et
1165 3059 1197 3120 in
1227 3057 1418 3140 Theogonis

271 3165 384 3228 κλυτὸς
404 3161 595 3250 Ὠκεανίνη),
620 3164 720 3228 multo
741 3169 848 3228 autem
868 3165 973 3227 minus
989 3164 1163 3248 Dionysius
1180 3165 1289 3247 Antiq.
1305 3161 1360 3244 lV,
1377 3163 1417 3226 29

272 3271 399 3354 probat,
422 3270 477 3334 ubi
501 3271 679 3354 repositum
701 3294 723 3354 ,a
737 3271 868 3335 lteiskio
888 3277 943 3349 τῆ(
959 3272 1147 3350 εὐδαίμονος
1168 3273 1322 3350 Κορίνθου
1343 3269 1418 3334 Oni-

273 3377 381 3440 sianus
411 3380 443 3438 et
466 3375 607 3440 Vrbinas
637 3377 780 3461 firmant,
811 3381 920 3442 tamen
950 3381 983 3440 et
1011 3377 1141 3460 Polybii
1170 3378 1295 3441 codices
1323 3374 1417 3440 fidem

229 3506 262 3547 1v
273 3483 396 3546 faciunt
419 3483 659 3546 commemorati
684 3479 981 3566 Schweighaeuseri
1005 3484 1037 3548 in
1061 3483 1118 3566 IV,
1134 3485 1174 3547 67
1199 3485 1418 3564 annotatione,

275 3630 321 3637 --

362 3692 388 3762 *)
408 3692 504 3746 Videri
522 3697 615 3762 potest
633 3693 717 3746 citiam
732 3693 1064 3762 iul'abrettianap.1·22,
1080 3700 1113 3747 23
1134 3691 1190 3760 (Or.
1202 3696 1282 3762 4740)
1302 3709 1319 3747 a
1337 3709 1418 3761 prosa

275 3784 400 3837 oratione
420 3781 480 3835 HlC
498 3812 503 3822 ·
520 3781 586 3835 EST
604 3811 609 3822 ·
625 3781 790 3836 sul-‘vura
806 3814 811 3824 ·
826 3782 972 3836 Pactum
989 3813 994 3823 ·
1012 3782 1162 3836 SOSPITA
1178 3812 1183 3823 ·
1199 3781 1261 3835 PlA
1277 3812 1282 3823 ·
1298 3781 1416 3836 Paene

276 3872 388 3926 transiri
407 3871 442 3924 ad
462 3873 506 3924 sat
524 3871 611 3926 bonos
630 3871 753 3925 senarios
775 3871 891 3926 ‘lionis
910 3873 1056 3940 probata
1082 3873 1207 3924 summa
1227 3887 1313 3939 quae
1332 3869 1419 3924 uixit

276 3961 362 4014 t'ide’
384 3979 407 4015 e.
423 3978 448 4028 q.
464 3979 499 4028 s,
523 3959 576 4014 nisi
601 3963 694 4014 tamen
717 3959 797 4013 illum
815 3959 929 4014 titulum
948 3960 1007 4014 vari
1026 3959 1143 4014 similius
1166 3959 1204 4014 sit
1221 3963 1311 4014 metro
1330 3961 1416 4014 totum

277 4049 461 4118 perscriptum
480 4066 539 4104 esse
558 4048 700 4102 versieulis
719 4049 755 4102 ab
775 4048 856 4102 initio
876 4049 1055 4102 duriusenlis:

385 4155 445 4208 Hie
464 4159 517 4210 est
536 4157 672 4226 sepulta
690 4153 824 4210 Pacilia
843 4154 995 4224 Sospita,
1014 4155 1083 4223 pia,

386 4245 507 4314 Proba,
526 4243 622 4300 bdnts
642 4244 786 4313 probata
805 4247 930 4298 summe
948 4259 1034 4312 quae
1055 4243 1144 4298 uixit
1163 4243 1241 4298 lide.

388 4333 449 4396 Qui
467 4334 550 4387 benc
571 4335 774 4402 cognorunt,
794 4333 966 4402 cognitam
985 4333 1069 4387 bene
1089 4335 1309 4389 existumant

388 4419 480 4474 Hauc
500 4423 532 4474 ot
551 4422 640 4475 uale:
661 4438 744 4488 quae
764 4424 876 4490 optas,
897 4420 1061 4476 eueniant
1078 4421 1143 4476 tibi
1164 4423 1197 4475 dt
1215 4421 1292 4476 tuis.
