<?xml version="1.0" encoding="UTF-8"?>
<!DOCTYPE html PUBLIC "-//W3C//DTD XHTML 1.0 Transitional//EN"
    "http://www.w3.org/TR/xhtml1/DTD/xhtml1-transitional.dtd">
<html xmlns="http://www.w3.org/1999/xhtml" xml:lang="en" lang="en">
 <head>
  <title>
</title>
<meta http-equiv="Content-Type" content="text/html;charset=utf-8" />
  <meta name='ocr-system' content='tesseract 3.04.00' />
  <meta name='ocr-capabilities' content='ocr_page ocr_carea ocr_par ocr_line ocrx_word'/>
</head>
<body>
  <div class='ocr_page' id='page_1' title='image "./fridericiritsch08wachgoog/fridericiritsch08wachgoog_0147.png"; bbox 0 0 3116 5066; ppageno 0'>
   <div class='ocr_carea' id='block_1_1' title="bbox 283 335 1154 400">
    <p class='ocr_par' dir='ltr' id='par_1_1' title="bbox 283 335 1154 400">
     <span class='ocr_line' id='line_1_1' title="bbox 283 335 1154 400; baseline -0.001 0"><span class='ocrx_word' id='word_1_1' title='bbox 283 335 345 400; x_wconf 90' lang='grc'><strong>124</strong></span> <span class='ocrx_word' id='word_1_2' title='bbox 557 352 777 400; x_wconf 78' lang='lat' dir='ltr'><strong>uouvunum</strong></span> <span class='ocrx_word' id='word_1_3' title='bbox 801 351 1038 400; x_wconf 73' lang='lat' dir='ltr'><strong>errassemus</strong></span> <span class='ocrx_word' id='word_1_4' title='bbox 1062 353 1154 400; x_wconf 77' lang='lat' dir='ltr'><strong>narr.</strong></span> 
     </span>
    </p>
   </div>
   <div class='ocr_carea' id='block_1_2' title="bbox 257 492 1473 3472">
    <p class='ocr_par' dir='ltr' id='par_1_2' title="bbox 257 492 1473 3472">
     <span class='ocr_line' id='line_1_2' title="bbox 279 492 1438 582; baseline 0.001 -22"><span class='ocrx_word' id='word_1_5' title='bbox 279 495 409 582; x_wconf 83' lang='lat' dir='ltr'><strong>Regnat</strong></span> <span class='ocrx_word' id='word_1_6' title='bbox 431 496 517 560; x_wconf 90' lang='lat' dir='ltr'><strong>enirn</strong></span> <span class='ocrx_word' id='word_1_7' title='bbox 540 496 597 561; x_wconf 87' lang='lat' dir='ltr'><strong>illa</strong></span> <span class='ocrx_word' id='word_1_8' title='bbox 621 495 692 562; x_wconf 90' lang='lat' dir='ltr'><strong>sola</strong></span> <span class='ocrx_word' id='word_1_9' title='bbox 722 492 788 581; x_wconf 86' lang='lat' dir='ltr'><strong>(vel</strong></span> <span class='ocrx_word' id='word_1_10' title='bbox 811 493 1037 560; x_wconf 84' lang='lat' dir='ltr'><strong>POPLVCVS</strong></span> <span class='ocrx_word' id='word_1_11' title='bbox 1066 495 1166 560; x_wconf 87' lang='lat' dir='ltr'><strong>semel</strong></span> <span class='ocrx_word' id='word_1_12' title='bbox 1192 494 1262 560; x_wconf 86' lang='lat' dir='ltr'><strong>eius</strong></span> <span class='ocrx_word' id='word_1_13' title='bbox 1290 493 1438 582; x_wconf 86' lang='lat' dir='ltr'><strong>vicaria)</strong></span> 
     </span>
     <span class='ocr_line' id='line_1_3' title="bbox 278 601 1439 687; baseline 0.001 -19"><span class='ocrx_word' id='word_1_14' title='bbox 278 603 312 668; x_wconf 92' lang='lat' dir='ltr'><strong>in</strong></span> <span class='ocrx_word' id='word_1_15' title='bbox 336 601 699 686; x_wconf 72' lang='lat' dir='ltr'><strong>SedeBaemalibus,</strong></span> <span class='ocrx_word' id='word_1_16' title='bbox 723 601 1060 687; x_wconf 67' lang='lat' dir='ltr'><strong>suscriberemus,</strong></span> <span class='ocrx_word' id='word_1_17' title='bbox 1082 602 1204 668; x_wconf 89' lang='lat' dir='ltr'><strong>tabulis</strong></span> <span class='ocrx_word' id='word_1_18' title='bbox 1226 601 1376 668; x_wconf 86' lang='lat' dir='ltr'><strong>Bantina</strong></span> <span class='ocrx_word' id='word_1_19' title='bbox 1401 609 1439 670; x_wconf 88' lang='lat' dir='ltr'><strong>et</strong></span> 
     </span>
     <span class='ocr_line' id='line_1_4' title="bbox 279 683 1441 794; baseline -0.001 -19"><span class='ocrx_word' id='word_1_20' title='bbox 279 709 438 776; x_wconf 84' lang='lat' dir='ltr'><strong>Genuati:</strong></span> <span class='ocrx_word' id='word_1_21' title='bbox 466 709 581 775; x_wconf 88' lang='lat' dir='ltr'><strong>unde</strong></span> <span class='ocrx_word' id='word_1_22' title='bbox 572 731 606 774; x_wconf 87' lang='grc' dir='ltr'><strong>ιιι</strong></span> <span class='ocrx_word' id='word_1_23' title='bbox 629 714 760 794; x_wconf 88' lang='lat' dir='ltr'><strong>prompt</strong></span> <span class='ocrx_word' id='word_1_24' title='bbox 761 733 782 774; x_wconf 92' lang='lat' dir='ltr'><strong>n</strong></span> <span class='ocrx_word' id='word_1_25' title='bbox 810 713 861 774; x_wconf 88' lang='lat' dir='ltr'><strong>est</strong></span> <span class='ocrx_word' id='word_1_26' title='bbox 846 709 923 775; x_wconf 90' lang='lat' dir='ltr'><strong>tde</strong></span> <span class='ocrx_word' id='word_1_27' title='bbox 946 713 1089 776; x_wconf 83' lang='lat' dir='ltr'><strong>vetustat</strong></span> <span class='ocrx_word' id='word_1_28' title='bbox 1090 732 1108 775; x_wconf 94' lang='lat' dir='ltr'><strong>e</strong></span> <span class='ocrx_word' id='word_1_29' title='bbox 1074 683 1325 776; x_wconf 79' lang='lat' dir='ltr'><strong>tAmiternini</strong></span> <span class='ocrx_word' id='word_1_30' title='bbox 1348 709 1441 794; x_wconf 84' lang='lat' dir='ltr'><strong>lapi-</strong></span> 
     </span>
     <span class='ocr_line' id='line_1_5' title="bbox 279 813 1435 901; baseline 0.001 -19"><span class='ocrx_word' id='word_1_31' title='bbox 279 813 1435 901; x_wconf 60' lang='lat' dir='ltr'><strong>aarum5753[c...1111n.12191·1³....LMasabam]</strong></span> 
     </span>
     <span class='ocr_line' id='line_1_6' title="bbox 279 920 1440 1009; baseline -0.001 -19"><span class='ocrx_word' id='word_1_32' title='bbox 279 924 507 1009; x_wconf 86' lang='lat' dir='ltr'><strong>existimare,</strong></span> <span class='ocrx_word' id='word_1_33' title='bbox 497 945 532 989; x_wconf 89' lang='grc' dir='ltr'><strong>ιιι</strong></span> <span class='ocrx_word' id='word_1_34' title='bbox 554 945 617 1008; x_wconf 92' lang='lat' dir='ltr'><strong>quo</strong></span> <span class='ocrx_word' id='word_1_35' title='bbox 642 927 675 990; x_wconf 88' lang='lat' dir='ltr'><strong>ct</strong></span> <span class='ocrx_word' id='word_1_36' title='bbox 697 923 768 990; x_wconf 93' lang='lat' dir='ltr'><strong>IN·</strong></span> <span class='ocrx_word' id='word_1_37' title='bbox 783 922 884 989; x_wconf 81' lang='lat' dir='ltr'><strong>VIA·</strong></span> <span class='ocrx_word' id='word_1_38' title='bbox 899 920 1117 990; x_wconf 84' lang='lat' dir='ltr'><strong>POPLIGAM</strong></span> <span class='ocrx_word' id='word_1_39' title='bbox 1140 925 1242 1009; x_wconf 78' lang='lat' dir='ltr'><strong>script</strong></span> <span class='ocrx_word' id='word_1_40' title='bbox 1243 945 1297 988; x_wconf 89' lang='lat' dir='ltr'><strong>um</strong></span> <span class='ocrx_word' id='word_1_41' title='bbox 1322 928 1440 990; x_wconf 87' lang='lat' dir='ltr'><strong>estet</strong></span> 
     </span>
     <span class='ocr_line' id='line_1_7' title="bbox 257 1017 1438 1117; baseline -0.002 -19"><span class='ocrx_word' id='word_1_42' title='bbox 257 1017 262 1026; x_wconf 46' lang='lat'><strong>¹</strong></span> <span class='ocrx_word' id='word_1_43' title='bbox 279 1036 446 1117; x_wconf 88' lang='lat' dir='ltr'><strong>praeterea</strong></span> <span class='ocrx_word' id='word_1_44' title='bbox 469 1029 517 1097; x_wconf 88' lang='lat' dir='ltr'><strong>IN</strong></span> <span class='ocrx_word' id='word_1_45' title='bbox 532 1065 538 1080; x_wconf 94' lang='lat'>·</span> <span class='ocrx_word' id='word_1_46' title='bbox 552 1028 671 1098; x_wconf 82' lang='lat' dir='ltr'>HOCE</span> <span class='ocrx_word' id='word_1_47' title='bbox 687 1066 693 1080; x_wconf 92' lang='lat'>·</span> <span class='ocrx_word' id='word_1_48' title='bbox 708 1029 966 1116; x_wconf 85' lang='lat' dir='ltr'><strong>DELVBRVM,</strong></span> <span class='ocrx_word' id='word_1_49' title='bbox 995 1031 1043 1097; x_wconf 91' lang='lat' dir='ltr'><strong>IN</strong></span> <span class='ocrx_word' id='word_1_50' title='bbox 1058 1065 1064 1080; x_wconf 92' lang='lat'><strong>·</strong></span> <span class='ocrx_word' id='word_1_51' title='bbox 1078 1027 1198 1096; x_wconf 77' lang='lat' dir='ltr'><strong>HOOE</strong></span> <span class='ocrx_word' id='word_1_52' title='bbox 1214 1065 1220 1078; x_wconf 94' lang='lat'><em>·</em></span> <span class='ocrx_word' id='word_1_53' title='bbox 1236 1028 1357 1096; x_wconf 81' lang='lat' dir='ltr'><strong>LOCO.</strong></span> <span class='ocrx_word' id='word_1_54' title='bbox 1405 1031 1438 1096; x_wconf 88' lang='lat' dir='ltr'>A</span> 
     </span>
     <span class='ocr_line' id='line_1_8' title="bbox 278 1137 1438 1224; baseline -0.003 -19"><span class='ocrx_word' id='word_1_55' title='bbox 278 1161 342 1224; x_wconf 88' lang='lat' dir='ltr'><strong>qua</strong></span> <span class='ocrx_word' id='word_1_56' title='bbox 365 1139 472 1206; x_wconf 86' lang='lat' dir='ltr'><strong>forma</strong></span> <span class='ocrx_word' id='word_1_57' title='bbox 494 1137 655 1224; x_wconf 90' lang='lat' dir='ltr'><strong>quomodo</strong></span> <span class='ocrx_word' id='word_1_58' title='bbox 680 1159 739 1223; x_wconf 91' lang='lat' dir='ltr'><strong>per</strong></span> <span class='ocrx_word' id='word_1_59' title='bbox 762 1137 881 1224; x_wconf 77' lang='lat' dir='ltr'><strong>gradm</strong></span> <span class='ocrx_word' id='word_1_60' title='bbox 908 1139 1083 1204; x_wconf 77' lang='lat' dir='ltr'><strong>transitum</strong></span> <span class='ocrx_word' id='word_1_61' title='bbox 1111 1139 1156 1204; x_wconf 89' lang='lat' dir='ltr'><strong>sit</strong></span> <span class='ocrx_word' id='word_1_62' title='bbox 1183 1137 1225 1202; x_wconf 85' lang='lat' dir='ltr'><strong>ad</strong></span> <span class='ocrx_word' id='word_1_63' title='bbox 1248 1137 1438 1222; x_wconf 81' lang='lat' dir='ltr'><strong>vulgarem,</strong></span> 
     </span>
     <span class='ocr_line' id='line_1_9' title="bbox 278 1243 1436 1331; baseline -0.001 -20"><span class='ocrx_word' id='word_1_64' title='bbox 278 1268 410 1330; x_wconf 88' lang='lat' dir='ltr'><strong>prorsus</strong></span> <span class='ocrx_word' id='word_1_65' title='bbox 433 1247 568 1331; x_wconf 90' lang='lat' dir='ltr'><strong>planum</strong></span> <span class='ocrx_word' id='word_1_66' title='bbox 589 1244 671 1310; x_wconf 86' lang='lat' dir='ltr'><strong>facit</strong></span> <span class='ocrx_word' id='word_1_67' title='bbox 692 1245 743 1310; x_wconf 85' lang='lat' dir='ltr'><strong>lex</strong></span> <span class='ocrx_word' id='word_1_68' title='bbox 766 1245 1027 1330; x_wconf 88' lang='lat' dir='ltr'><strong>repetundarum,</strong></span> <span class='ocrx_word' id='word_1_69' title='bbox 1049 1246 1083 1311; x_wconf 91' lang='lat' dir='ltr'><strong>in</strong></span> <span class='ocrx_word' id='word_1_70' title='bbox 1106 1267 1169 1330; x_wconf 89' lang='lat' dir='ltr'><strong>qua</strong></span> <span class='ocrx_word' id='word_1_71' title='bbox 1192 1248 1306 1330; x_wconf 79' lang='lat' dir='ltr'><strong>quater</strong></span> <span class='ocrx_word' id='word_1_72' title='bbox 1330 1243 1436 1310; x_wconf 91' lang='lat' dir='ltr'>POP-</span> 
     </span>
     <span class='ocr_line' id='line_1_10' title="bbox 276 1349 1436 1438; baseline -0.002 -20"><span class='ocrx_word' id='word_1_73' title='bbox 276 1350 401 1419; x_wconf 82' lang='lat' dir='ltr'><strong>LIGVS</strong></span> <span class='ocrx_word' id='word_1_74' title='bbox 438 1349 504 1438; x_wconf 88' lang='lat' dir='ltr'><strong>(vel</strong></span> <span class='ocrx_word' id='word_1_75' title='bbox 535 1349 734 1436; x_wconf 79' lang='lat' dir='ltr'>POPLIOE)</span> <span class='ocrx_word' id='word_1_76' title='bbox 769 1352 903 1438; x_wconf 84' lang='lat' dir='ltr'><strong>legitur,</strong></span> <span class='ocrx_word' id='word_1_77' title='bbox 940 1355 1040 1419; x_wconf 90' lang='lat' dir='ltr'><strong>semel</strong></span> <span class='ocrx_word' id='word_1_78' title='bbox 1078 1349 1306 1430; x_wconf 83' lang='lat' dir='ltr'><strong>PVPLIOVS,</strong></span> <span class='ocrx_word' id='word_1_79' title='bbox 1347 1351 1436 1418; x_wconf 89' lang='lat' dir='ltr'><strong>item</strong></span> 
     </span>
     <span class='ocr_line' id='line_1_11' title="bbox 279 1456 1438 1544; baseline -0.001 -19"><span class='ocrx_word' id='word_1_80' title='bbox 279 1460 378 1525; x_wconf 87' lang='lat' dir='ltr'><strong>semel</strong></span> <span class='ocrx_word' id='word_1_81' title='bbox 402 1456 631 1525; x_wconf 81' lang='lat' dir='ltr'><strong>PVBLIOVS:</strong></span> <span class='ocrx_word' id='word_1_82' title='bbox 662 1481 681 1524; x_wconf 90' lang='lat' dir='ltr'><strong>a</strong></span> <span class='ocrx_word' id='word_1_83' title='bbox 708 1481 773 1544; x_wconf 88' lang='lat' dir='ltr'><strong>qua</strong></span> <span class='ocrx_word' id='word_1_84' title='bbox 795 1481 971 1544; x_wconf 87' lang='lat' dir='ltr'><strong>paucorum</strong></span> <span class='ocrx_word' id='word_1_85' title='bbox 999 1481 1157 1527; x_wconf 90' lang='lat' dir='ltr'><strong>annorum</strong></span> <span class='ocrx_word' id='word_1_86' title='bbox 1184 1457 1361 1524; x_wconf 83' lang='lat' dir='ltr'><strong>intervallo</strong></span> <span class='ocrx_word' id='word_1_87' title='bbox 1389 1458 1438 1524; x_wconf 93' lang='lat' dir='ltr'><strong>di·</strong></span> 
     </span>
     <span class='ocr_line' id='line_1_12' title="bbox 278 1565 1435 1652; baseline -0.001 -21"><span class='ocrx_word' id='word_1_88' title='bbox 278 1571 407 1651; x_wconf 88' lang='lat' dir='ltr'><strong>rempta</strong></span> <span class='ocrx_word' id='word_1_89' title='bbox 430 1566 482 1633; x_wconf 86' lang='lat' dir='ltr'><strong>lex</strong></span> <span class='ocrx_word' id='word_1_90' title='bbox 505 1566 634 1652; x_wconf 82' lang='lat' dir='ltr'><strong>agraria</strong></span> <span class='ocrx_word' id='word_1_91' title='bbox 658 1566 734 1631; x_wconf 88' lang='lat' dir='ltr'><strong>anni</strong></span> <span class='ocrx_word' id='word_1_92' title='bbox 760 1567 825 1632; x_wconf 87' lang='grc'>643</span> <span class='ocrx_word' id='word_1_93' title='bbox 853 1565 965 1651; x_wconf 88' lang='lat' dir='ltr'><strong>(quam</strong></span> <span class='ocrx_word' id='word_1_94' title='bbox 987 1590 1053 1634; x_wconf 89' lang='lat' dir='ltr'><strong>non</strong></span> <span class='ocrx_word' id='word_1_95' title='bbox 1076 1566 1234 1633; x_wconf 79' lang='lat' dir='ltr'>debebam</span> <span class='ocrx_word' id='word_1_96' title='bbox 1253 1565 1316 1629; x_wconf 88' lang='lat' dir='ltr'><strong>illa</strong></span> <span class='ocrx_word' id='word_1_97' title='bbox 1345 1565 1435 1630; x_wconf 87' lang='lat' dir='ltr'><strong>anti-</strong></span> 
     </span>
     <span class='ocr_line' id='line_1_13' title="bbox 279 1669 1435 1762; baseline -0.003 -23"><span class='ocrx_word' id='word_1_98' title='bbox 279 1674 424 1758; x_wconf 90' lang='lat' dir='ltr'><strong>quiorem</strong></span> <span class='ocrx_word' id='word_1_99' title='bbox 446 1695 549 1759; x_wconf 88' lang='lat' dir='ltr'><strong>nuper</strong></span> <span class='ocrx_word' id='word_1_100' title='bbox 574 1673 627 1754; x_wconf 89' lang='lat' dir='ltr'><strong>[de</strong></span> <span class='ocrx_word' id='word_1_101' title='bbox 649 1672 746 1738; x_wconf 89' lang='lat' dir='ltr'><strong>titulo</strong></span> <span class='ocrx_word' id='word_1_102' title='bbox 761 1671 893 1738; x_wconf 87' lang='lat' dir='ltr'><strong>Momm.</strong></span> <span class='ocrx_word' id='word_1_103' title='bbox 917 1697 947 1759; x_wconf 90' lang='lat' dir='ltr'><strong>p.</strong></span> <span class='ocrx_word' id='word_1_104' title='bbox 962 1673 1009 1740; x_wconf 92' lang='lat' dir='ltr'><strong>VI</strong></span> <span class='ocrx_word' id='word_1_105' title='bbox 1031 1671 1145 1762; x_wconf 89' lang='lat' dir='ltr'><strong>(supra</strong></span> <span class='ocrx_word' id='word_1_106' title='bbox 1163 1697 1194 1759; x_wconf 91' lang='lat' dir='ltr'><strong>p.</strong></span> <span class='ocrx_word' id='word_1_107' title='bbox 1212 1669 1285 1758; x_wconf 90' lang='grc'>91)]</span> <span class='ocrx_word' id='word_1_108' title='bbox 1304 1671 1435 1758; x_wconf 88' lang='lat' dir='ltr'><strong>dicere)</strong></span> 
     </span>
     <span class='ocr_line' id='line_1_14' title="bbox 279 1778 1437 1866; baseline -0.002 -20"><span class='ocrx_word' id='word_1_109' title='bbox 279 1785 433 1866; x_wconf 85' lang='lat' dir='ltr'><strong>quattuor</strong></span> <span class='ocrx_word' id='word_1_110' title='bbox 467 1785 597 1846; x_wconf 89' lang='lat' dir='ltr'><strong>tantum</strong></span> <span class='ocrx_word' id='word_1_111' title='bbox 636 1779 784 1865; x_wconf 86' lang='lat' dir='ltr'><strong>exempla</strong></span> <span class='ocrx_word' id='word_1_112' title='bbox 817 1778 1027 1846; x_wconf 80' lang='lat' dir='ltr'><strong>POPLIOVS</strong></span> <span class='ocrx_word' id='word_1_113' title='bbox 1066 1781 1242 1866; x_wconf 79' lang='lat' dir='ltr'><strong>scripturae</strong></span> <span class='ocrx_word' id='word_1_114' title='bbox 1274 1780 1437 1863; x_wconf 83' lang='lat' dir='ltr'><strong>servavit,</strong></span> 
     </span>
     <span class='ocr_line' id='line_1_15' title="bbox 279 1884 1435 1972; baseline -0.001 -19"><span class='ocrx_word' id='word_1_115' title='bbox 279 1886 493 1954; x_wconf 84' lang='lat' dir='ltr'><strong>PVBLIOVS</strong></span> <span class='ocrx_word' id='word_1_116' title='bbox 523 1885 711 1954; x_wconf 80' lang='lat' dir='ltr'><strong>PVBLIOE</strong></span> <span class='ocrx_word' id='word_1_117' title='bbox 740 1884 1017 1954; x_wconf 83' lang='lat' dir='ltr'><strong>PVBLIOANVS</strong></span> <span class='ocrx_word' id='word_1_118' title='bbox 1049 1888 1176 1954; x_wconf 76' lang='lat' dir='ltr'><strong>circiter</strong></span> <span class='ocrx_word' id='word_1_119' title='bbox 1207 1884 1435 1972; x_wconf 72' lang='lat' dir='ltr'><strong>quadragiens</strong></span> 
     </span>
     <span class='ocr_line' id='line_1_16' title="bbox 280 1991 1433 2079; baseline -0.001 -20"><span class='ocrx_word' id='word_1_120' title='bbox 280 1994 420 2060; x_wconf 82' lang='lat' dir='ltr'><strong>exhibet</strong></span> <span class='ocrx_word' id='word_1_121' title='bbox 453 1995 541 2072; x_wconf 86' lang='lat' dir='ltr'><strong>Quae</strong></span> <span class='ocrx_word' id='word_1_122' title='bbox 564 2016 636 2060; x_wconf 90' lang='lat' dir='ltr'><strong>cum</strong></span> <span class='ocrx_word' id='word_1_123' title='bbox 659 1995 709 2060; x_wconf 87' lang='lat' dir='ltr'><strong>ita</strong></span> <span class='ocrx_word' id='word_1_124' title='bbox 731 1993 811 2078; x_wconf 89' lang='lat' dir='ltr'><strong>sint,</strong></span> <span class='ocrx_word' id='word_1_125' title='bbox 834 2017 901 2060; x_wconf 93' lang='lat' dir='ltr'><strong>non</strong></span> <span class='ocrx_word' id='word_1_126' title='bbox 920 1995 1002 2060; x_wconf 87' lang='lat' dir='ltr'><strong>satis</strong></span> <span class='ocrx_word' id='word_1_127' title='bbox 1021 1994 1106 2079; x_wconf 92' lang='lat' dir='ltr'><strong>apud</strong></span> <span class='ocrx_word' id='word_1_128' title='bbox 1125 2015 1176 2058; x_wconf 90' lang='lat' dir='ltr'><strong>mc</strong></span> <span class='ocrx_word' id='word_1_129' title='bbox 1190 1992 1265 2057; x_wconf 89' lang='lat' dir='ltr'><strong>fidei</strong></span> <span class='ocrx_word' id='word_1_130' title='bbox 1279 1991 1433 2058; x_wconf 83' lang='lat' dir='ltr'><strong>PVBLI·</strong></span> 
     </span>
     <span class='ocr_line' id='line_1_17' title="bbox 279 2099 1435 2186; baseline -0.002 -18"><span class='ocrx_word' id='word_1_131' title='bbox 279 2099 372 2168; x_wconf 80' lang='lat' dir='ltr'><strong>CVM</strong></span> <span class='ocrx_word' id='word_1_132' title='bbox 394 2101 499 2166; x_wconf 87' lang='lat' dir='ltr'><strong>forma</strong></span> <span class='ocrx_word' id='word_1_133' title='bbox 521 2101 622 2166; x_wconf 89' lang='lat' dir='ltr'><strong>habet</strong></span> <span class='ocrx_word' id='word_1_134' title='bbox 645 2123 661 2166; x_wconf 93' lang='lat' dir='ltr'><strong>e</strong></span> <span class='ocrx_word' id='word_1_135' title='bbox 685 2100 898 2167; x_wconf 89' lang='lat' dir='ltr'><strong>Praenestino</strong></span> <span class='ocrx_word' id='word_1_136' title='bbox 921 2101 1029 2186; x_wconf 88' lang='lat' dir='ltr'><strong>lapide</strong></span> <span class='ocrx_word' id='word_1_137' title='bbox 1056 2101 1185 2186; x_wconf 87' lang='lat' dir='ltr'><strong>prodita</strong></span> <span class='ocrx_word' id='word_1_138' title='bbox 1208 2109 1303 2185; x_wconf 82' lang='lat' dir='ltr'><strong>quem</strong></span> <span class='ocrx_word' id='word_1_139' title='bbox 1328 2122 1435 2186; x_wconf 86' lang='lat' dir='ltr'><strong>supra</strong></span> 
     </span>
     <span class='ocr_line' id='line_1_18' title="bbox 281 2204 1433 2294; baseline 0 -22"><span class='ocrx_word' id='word_1_140' title='bbox 281 2212 325 2293; x_wconf 89' lang='lat' dir='ltr'><strong>[p.</strong></span> <span class='ocrx_word' id='word_1_141' title='bbox 346 2209 364 2273; x_wconf 80' lang='lat'><strong>7</strong></span> <span class='ocrx_word' id='word_1_142' title='bbox 389 2204 497 2294; x_wconf 83' lang='grc'>(121)]</span> <span class='ocrx_word' id='word_1_143' title='bbox 526 2208 637 2293; x_wconf 78' lang='lat' dir='ltr'><strong>tetigi:</strong></span> <span class='ocrx_word' id='word_1_144' title='bbox 669 2230 767 2294; x_wconf 87' lang='lat' dir='ltr'><strong>quam</strong></span> <span class='ocrx_word' id='word_1_145' title='bbox 794 2209 1040 2294; x_wconf 84' lang='lat' dir='ltr'><strong>inscriptionem</strong></span> <span class='ocrx_word' id='word_1_146' title='bbox 1067 2231 1140 2273; x_wconf 91' lang='lat' dir='ltr'><strong>cum</strong></span> <span class='ocrx_word' id='word_1_147' title='bbox 1168 2211 1297 2292; x_wconf 83' lang='lat' dir='ltr'><strong>praeter</strong></span> <span class='ocrx_word' id='word_1_148' title='bbox 1326 2207 1433 2274; x_wconf 83' lang='lat' dir='ltr'><strong>Aker-</strong></span> 
     </span>
     <span class='ocr_line' id='line_1_19' title="bbox 278 2313 1434 2400; baseline 0 -19"><span class='ocrx_word' id='word_1_149' title='bbox 278 2315 439 2394; x_wconf 87' lang='lat' dir='ltr'><strong>bladium,</strong></span> <span class='ocrx_word' id='word_1_150' title='bbox 463 2315 514 2380; x_wconf 88' lang='lat' dir='ltr'><strong>cui</strong></span> <span class='ocrx_word' id='word_1_151' title='bbox 537 2313 735 2400; x_wconf 83' lang='lat' dir='ltr'><strong>Borghesius</strong></span> <span class='ocrx_word' id='word_1_152' title='bbox 759 2321 927 2400; x_wconf 84' lang='lat' dir='ltr'><strong>acceptam</strong></span> <span class='ocrx_word' id='word_1_153' title='bbox 951 2315 1064 2395; x_wconf 89' lang='lat' dir='ltr'><strong>refert,</strong></span> <span class='ocrx_word' id='word_1_154' title='bbox 1086 2335 1182 2380; x_wconf 88' lang='lat' dir='ltr'><strong>nemo</strong></span> <span class='ocrx_word' id='word_1_155' title='bbox 1206 2314 1339 2396; x_wconf 85' lang='lat' dir='ltr'><strong>viderit,</strong></span> <span class='ocrx_word' id='word_1_156' title='bbox 1362 2337 1434 2381; x_wconf 89' lang='lat' dir='ltr'><strong>non</strong></span> 
     </span>
     <span class='ocr_line' id='line_1_20' title="bbox 280 2419 1473 2508; baseline 0 -20"><span class='ocrx_word' id='word_1_157' title='bbox 280 2423 348 2488; x_wconf 91' lang='lat' dir='ltr'><strong>sine</strong></span> <span class='ocrx_word' id='word_1_158' title='bbox 371 2422 497 2488; x_wconf 87' lang='lat' dir='ltr'><strong>ratione</strong></span> <span class='ocrx_word' id='word_1_159' title='bbox 520 2422 614 2486; x_wconf 90' lang='lat' dir='ltr'><strong>illum</strong></span> <span class='ocrx_word' id='word_1_160' title='bbox 635 2421 862 2488; x_wconf 82' lang='lat' dir='ltr'>PVBLICVM</span> <span class='ocrx_word' id='word_1_161' title='bbox 886 2445 945 2508; x_wconf 91' lang='lat' dir='ltr'><strong>pro</strong></span> <span class='ocrx_word' id='word_1_162' title='bbox 969 2443 1007 2487; x_wconf 89' lang='lat' dir='ltr'><strong>eo</strong></span> <span class='ocrx_word' id='word_1_163' title='bbox 1027 2422 1112 2507; x_wconf 91' lang='lat' dir='ltr'><strong>quod</strong></span> <span class='ocrx_word' id='word_1_164' title='bbox 1129 2421 1270 2488; x_wconf 78' lang='lat' dir='ltr'><strong>debebat</strong></span> <span class='ocrx_word' id='word_1_165' title='bbox 1284 2419 1433 2488; x_wconf 86' lang='lat' dir='ltr'><strong>PVPLI-</strong></span> <span class='ocrx_word' id='word_1_166' title='bbox 1466 2435 1473 2448; x_wconf 90' lang='lat'>&#39;</span> 
     </span>
     <span class='ocr_line' id='line_1_21' title="bbox 279 2525 1433 2616; baseline -0.002 -20"><span class='ocrx_word' id='word_1_167' title='bbox 279 2528 372 2596; x_wconf 83' lang='lat' dir='ltr'><strong>CVM</strong></span> <span class='ocrx_word' id='word_1_168' title='bbox 394 2530 512 2616; x_wconf 82' lang='lat' dir='ltr'><strong>legisse</strong></span> <span class='ocrx_word' id='word_1_169' title='bbox 535 2529 686 2615; x_wconf 86' lang='lat' dir='ltr'><strong>conicias,</strong></span> <span class='ocrx_word' id='word_1_170' title='bbox 708 2529 901 2615; x_wconf 85' lang='lat' dir='ltr'><strong>praesertim</strong></span> <span class='ocrx_word' id='word_1_171' title='bbox 924 2549 997 2594; x_wconf 90' lang='lat' dir='ltr'><strong>cum</strong></span> <span class='ocrx_word' id='word_1_172' title='bbox 1019 2530 1117 2595; x_wconf 87' lang='lat' dir='ltr'><strong>etiam</strong></span> <span class='ocrx_word' id='word_1_173' title='bbox 1136 2525 1343 2594; x_wconf 80' lang='lat' dir='ltr'><strong>RVTILIVS</strong></span> <span class='ocrx_word' id='word_1_174' title='bbox 1368 2551 1433 2613; x_wconf 88' lang='lat' dir='ltr'><strong>pro</strong></span> 
     </span>
     <span class='ocr_line' id='line_1_22' title="bbox 278 2635 1433 2722; baseline -0.003 -19"><span class='ocrx_word' id='word_1_175' title='bbox 278 2636 466 2704; x_wconf 80' lang='lat' dir='ltr'><strong>RVTILVS</strong></span> <span class='ocrx_word' id='word_1_176' title='bbox 488 2637 630 2703; x_wconf 87' lang='lat' dir='ltr'><strong>indidem</strong></span> <span class='ocrx_word' id='word_1_177' title='bbox 654 2637 819 2722; x_wconf 90' lang='lat' dir='ltr'><strong>proditum</strong></span> <span class='ocrx_word' id='word_1_178' title='bbox 842 2659 908 2702; x_wconf 94' lang='lat' dir='ltr'><strong>non</strong></span> <span class='ocrx_word' id='word_1_179' title='bbox 934 2637 1038 2720; x_wconf 88' lang='lat' dir='ltr'><strong>possit</strong></span> <span class='ocrx_word' id='word_1_180' title='bbox 1061 2657 1129 2702; x_wconf 93' lang='lat' dir='ltr'><strong>non</strong></span> <span class='ocrx_word' id='word_1_181' title='bbox 1148 2636 1250 2702; x_wconf 91' lang='lat' dir='ltr'><strong>errori</strong></span> <span class='ocrx_word' id='word_1_182' title='bbox 1268 2635 1433 2722; x_wconf 83' lang='lat' dir='ltr'><strong>deberi.*)</strong></span> 
     </span>
     <span class='ocr_line' id='line_1_23' title="bbox 279 2743 1432 2830; baseline -0.001 -20"><span class='ocrx_word' id='word_1_183' title='bbox 279 2743 430 2810; x_wconf 80' lang='lat' dir='ltr'><strong>Ceterum</strong></span> <span class='ocrx_word' id='word_1_184' title='bbox 452 2745 552 2810; x_wconf 89' lang='lat' dir='ltr'><strong>etiam</strong></span> <span class='ocrx_word' id='word_1_185' title='bbox 573 2745 609 2810; x_wconf 94' lang='lat' dir='ltr'><strong>in</strong></span> <span class='ocrx_word' id='word_1_186' title='bbox 631 2744 792 2809; x_wconf 79' lang='lat' dir='ltr'><strong>Plautinis</strong></span> <span class='ocrx_word' id='word_1_187' title='bbox 820 2744 913 2809; x_wconf 91' lang='lat' dir='ltr'><strong>libris</strong></span> <span class='ocrx_word' id='word_1_188' title='bbox 937 2744 1078 2830; x_wconf 80' lang='lat' dir='ltr'><strong>vestigia</strong></span> <span class='ocrx_word' id='word_1_189' title='bbox 1100 2743 1259 2829; x_wconf 86' lang='lat' dir='ltr'><strong>quaedam</strong></span> <span class='ocrx_word' id='word_1_190' title='bbox 1283 2745 1432 2809; x_wconf 75' lang='lat' dir='ltr'><strong>vetusta</strong></span> 
     </span>
     <span class='ocr_line' id='line_1_24' title="bbox 279 2848 1433 2936; baseline 0 -20"><span class='ocrx_word' id='word_1_191' title='bbox 279 2853 322 2916; x_wconf 88' lang='lat' dir='ltr'><strong>tis</strong></span> <span class='ocrx_word' id='word_1_192' title='bbox 346 2856 530 2936; x_wconf 88' lang='lat' dir='ltr'><strong>supersunt,</strong></span> <span class='ocrx_word' id='word_1_193' title='bbox 553 2850 609 2916; x_wconf 87' lang='lat' dir='ltr'><strong>sed</strong></span> <span class='ocrx_word' id='word_1_194' title='bbox 633 2871 671 2914; x_wconf 89' lang='lat' dir='ltr'><strong>ea</strong></span> <span class='ocrx_word' id='word_1_195' title='bbox 693 2851 889 2936; x_wconf 90' lang='lat' dir='ltr'><strong>promiscua,</strong></span> <span class='ocrx_word' id='word_1_196' title='bbox 911 2872 970 2916; x_wconf 88' lang='lat' dir='ltr'><strong>nec</strong></span> <span class='ocrx_word' id='word_1_197' title='bbox 992 2873 1129 2936; x_wconf 85' lang='lat' dir='ltr'><strong>usquam</strong></span> <span class='ocrx_word' id='word_1_198' title='bbox 1152 2849 1308 2936; x_wconf 87' lang='lat' dir='ltr'><strong>pristinae</strong></span> <span class='ocrx_word' id='word_1_199' title='bbox 1332 2848 1433 2916; x_wconf 92' lang='lat' dir='ltr'>POP-</span> 
     </span>
     <span class='ocr_line' id='line_1_25' title="bbox 279 2955 1434 3041; baseline 0 -19"><span class='ocrx_word' id='word_1_200' title='bbox 279 2955 404 3022; x_wconf 78' lang='lat' dir='ltr'><strong>Llovs</strong></span> <span class='ocrx_word' id='word_1_201' title='bbox 436 2957 560 3024; x_wconf 89' lang='lat' dir='ltr'><strong>formae</strong></span> <span class='ocrx_word' id='word_1_202' title='bbox 589 2979 653 3041; x_wconf 88' lang='lat' dir='ltr'><strong>qua</strong></span> <span class='ocrx_word' id='word_1_203' title='bbox 679 2979 773 3022; x_wconf 86' lang='lat' dir='ltr'><strong>usum</strong></span> <span class='ocrx_word' id='word_1_204' title='bbox 805 2981 875 3024; x_wconf 89' lang='lat' dir='ltr'><strong>esse</strong></span> <span class='ocrx_word' id='word_1_205' title='bbox 903 2957 1054 3024; x_wconf 86' lang='lat' dir='ltr'><strong>Plautum</strong></span> <span class='ocrx_word' id='word_1_206' title='bbox 1086 2959 1340 3024; x_wconf 88' lang='lat' dir='ltr'><strong>consentaneum</strong></span> <span class='ocrx_word' id='word_1_207' title='bbox 1368 2963 1434 3040; x_wconf 87' lang='lat' dir='ltr'><strong>est,</strong></span> 
     </span>
     <span class='ocr_line' id='line_1_26' title="bbox 281 3063 1432 3148; baseline 0 -20"><span class='ocrx_word' id='word_1_208' title='bbox 281 3065 337 3129; x_wconf 92' lang='lat' dir='ltr'><strong>scd</strong></span> <span class='ocrx_word' id='word_1_209' title='bbox 373 3068 503 3130; x_wconf 85' lang='lat' dir='ltr'><strong>tontum</strong></span> <span class='ocrx_word' id='word_1_210' title='bbox 540 3064 664 3129; x_wconf 89' lang='lat' dir='ltr'><strong>mediae</strong></span> <span class='ocrx_word' id='word_1_211' title='bbox 696 3063 915 3131; x_wconf 81' lang='lat' dir='ltr'><strong>PVPLIOVS.</strong></span> <span class='ocrx_word' id='word_1_212' title='bbox 975 3063 1078 3140; x_wconf 84' lang='lat' dir='ltr'><strong>Quom</strong></span> <span class='ocrx_word' id='word_1_213' title='bbox 1110 3065 1144 3129; x_wconf 91' lang='lat' dir='ltr'><strong>in</strong></span> <span class='ocrx_word' id='word_1_214' title='bbox 1175 3063 1432 3148; x_wconf 85' lang='lat' dir='ltr'><strong>Amphitruonis</strong></span> 
     </span>
     <span class='ocr_line' id='line_1_27' title="bbox 279 3169 1432 3256; baseline 0 -20"><span class='ocrx_word' id='word_1_215' title='bbox 279 3171 360 3256; x_wconf 91' lang='lat' dir='ltr'><strong>prol.</strong></span> <span class='ocrx_word' id='word_1_216' title='bbox 375 3172 419 3236; x_wconf 84' lang='lat'><strong>40</strong></span> <span class='ocrx_word' id='word_1_217' title='bbox 442 3171 608 3256; x_wconf 88' lang='lat' dir='ltr'><strong>ipsiusque</strong></span> <span class='ocrx_word' id='word_1_218' title='bbox 626 3171 756 3238; x_wconf 85' lang='lat' dir='ltr'><strong>fabulae</strong></span> <span class='ocrx_word' id='word_1_219' title='bbox 780 3193 808 3237; x_wconf 84' lang='lat' dir='ltr'><strong>v.</strong></span> <span class='ocrx_word' id='word_1_220' title='bbox 826 3173 898 3238; x_wconf 93' lang='grc'>162.</span> <span class='ocrx_word' id='word_1_221' title='bbox 919 3172 990 3238; x_wconf 88' lang='grc'>196.</span> <span class='ocrx_word' id='word_1_222' title='bbox 1009 3172 1084 3238; x_wconf 83' lang='grc'>524.</span> <span class='ocrx_word' id='word_1_223' title='bbox 1103 3171 1177 3256; x_wconf 81' lang='grc'>526,</span> <span class='ocrx_word' id='word_1_224' title='bbox 1199 3171 1280 3236; x_wconf 89' lang='lat' dir='ltr'><strong>item</strong></span> <span class='ocrx_word' id='word_1_225' title='bbox 1303 3169 1337 3234; x_wconf 94' lang='lat' dir='ltr'><strong>in</strong></span> <span class='ocrx_word' id='word_1_226' title='bbox 1352 3169 1432 3236; x_wconf 83' lang='lat' dir='ltr'><strong>Asi·</strong></span> 
     </span>
     <span class='ocr_line' id='line_1_28' title="bbox 279 3277 1431 3364; baseline 0.002 -21"><span class='ocrx_word' id='word_1_227' title='bbox 279 3278 373 3343; x_wconf 89' lang='lat' dir='ltr'><strong>naria</strong></span> <span class='ocrx_word' id='word_1_228' title='bbox 396 3301 424 3344; x_wconf 85' lang='lat' dir='ltr'><strong>v.</strong></span> <span class='ocrx_word' id='word_1_229' title='bbox 444 3278 506 3344; x_wconf 91' lang='grc'><strong>321</strong></span> <span class='ocrx_word' id='word_1_230' title='bbox 533 3279 629 3364; x_wconf 90' lang='lat' dir='ltr'><strong>inque</strong></span> <span class='ocrx_word' id='word_1_231' title='bbox 651 3279 840 3346; x_wconf 77' lang='lat' dir='ltr'><strong>Trinummo</strong></span> <span class='ocrx_word' id='word_1_232' title='bbox 863 3280 928 3345; x_wconf 92' lang='grc'><strong>286</strong></span> <span class='ocrx_word' id='word_1_233' title='bbox 957 3279 1045 3344; x_wconf 89' lang='lat' dir='ltr'><strong>solus</strong></span> <span class='ocrx_word' id='word_1_234' title='bbox 1068 3277 1247 3344; x_wconf 86' lang='lat' dir='ltr'><strong>Vaticanus</strong></span> <span class='ocrx_word' id='word_1_235' title='bbox 1271 3279 1431 3362; x_wconf 78' lang='lat' dir='ltr'><strong>servavit3</strong></span> 
     </span>
     <span class='ocr_line' id='line_1_29' title="bbox 280 3385 1430 3472; baseline 0 -22"><span class='ocrx_word' id='word_1_236' title='bbox 280 3386 369 3451; x_wconf 87' lang='lat' dir='ltr'><strong>solus</strong></span> <span class='ocrx_word' id='word_1_237' title='bbox 398 3385 590 3452; x_wconf 86' lang='lat' dir='ltr'><strong>Decurtatus</strong></span> <span class='ocrx_word' id='word_1_238' title='bbox 621 3387 655 3451; x_wconf 94' lang='lat' dir='ltr'><strong>in</strong></span> <span class='ocrx_word' id='word_1_239' title='bbox 683 3385 863 3452; x_wconf 89' lang='lat' dir='ltr'><strong>Mercatore</strong></span> <span class='ocrx_word' id='word_1_240' title='bbox 886 3385 926 3470; x_wconf 88' lang='lat' dir='ltr'><strong>V,</strong></span> <span class='ocrx_word' id='word_1_241' title='bbox 948 3387 983 3472; x_wconf 82' lang='lat'><strong>4,</strong></span> <span class='ocrx_word' id='word_1_242' title='bbox 1001 3387 1044 3451; x_wconf 90' lang='grc'><strong>26</strong></span> <span class='ocrx_word' id='word_1_243' title='bbox 1081 3385 1243 3470; x_wconf 89' lang='lat' dir='ltr'><strong>Persaque</strong></span> <span class='ocrx_word' id='word_1_244' title='bbox 1271 3385 1301 3470; x_wconf 94' lang='lat' dir='ltr'><strong>I,</strong></span> <span class='ocrx_word' id='word_1_245' title='bbox 1325 3385 1359 3468; x_wconf 87' lang='grc'><strong>2,</strong></span> <span class='ocrx_word' id='word_1_246' title='bbox 1387 3387 1430 3450; x_wconf 88' lang='grc'><strong>13</strong></span> 
     </span>
    </p>
   </div>
   <div class='ocr_carea' id='block_1_3' title="bbox 279 3491 1432 3686">
    <p class='ocr_par' dir='ltr' id='par_1_3' title="bbox 279 3491 1432 3686">
     <span class='ocr_line' id='line_1_30' title="bbox 280 3491 1432 3577; baseline 0 -21"><span class='ocrx_word' id='word_1_247' title='bbox 280 3493 384 3577; x_wconf 79' lang='lat' dir='ltr'><strong>et163</strong></span> <span class='ocrx_word' id='word_1_248' title='bbox 407 3493 442 3558; x_wconf 92' lang='lat' dir='ltr'><strong>in</strong></span> <span class='ocrx_word' id='word_1_249' title='bbox 457 3493 637 3559; x_wconf 81' lang='lat' dir='ltr'><strong>Trinummi</strong></span> <span class='ocrx_word' id='word_1_250' title='bbox 661 3497 770 3559; x_wconf 89' lang='lat' dir='ltr'><strong>autem</strong></span> <span class='ocrx_word' id='word_1_251' title='bbox 794 3516 822 3560; x_wconf 80' lang='grc' dir='ltr'><strong>ι.</strong></span> <span class='ocrx_word' id='word_1_252' title='bbox 839 3493 922 3558; x_wconf 72' lang='grc'>1052</span> <span class='ocrx_word' id='word_1_253' title='bbox 938 3491 1046 3573; x_wconf 88' lang='lat' dir='ltr'><strong>itaut,</strong></span> <span class='ocrx_word' id='word_1_254' title='bbox 1069 3491 1124 3558; x_wconf 91' lang='lat' dir='ltr'><strong>ubi</strong></span> <span class='ocrx_word' id='word_1_255' title='bbox 1148 3492 1175 3556; x_wconf 90' lang='lat' dir='ltr'><strong>is</strong></span> <span class='ocrx_word' id='word_1_256' title='bbox 1194 3491 1277 3557; x_wconf 91' lang='lat' dir='ltr'><strong>liber</strong></span> <span class='ocrx_word' id='word_1_257' title='bbox 1289 3491 1432 3576; x_wconf 68' lang='lat' dir='ltr'><strong>puplicis</strong></span> 
     </span>
     <span class='ocr_line' id='line_1_31' title="bbox 279 3597 1429 3686; baseline 0.003 -24"><span class='ocrx_word' id='word_1_258' title='bbox 279 3597 408 3684; x_wconf 89' lang='lat' dir='ltr'><strong>prodat,</strong></span> <span class='ocrx_word' id='word_1_259' title='bbox 432 3599 466 3664; x_wconf 89' lang='lat' dir='ltr'><strong>in</strong></span> <span class='ocrx_word' id='word_1_260' title='bbox 489 3599 608 3666; x_wconf 88' lang='lat' dir='ltr'><strong>Vetere</strong></span> <span class='ocrx_word' id='word_1_261' title='bbox 631 3599 675 3666; x_wconf 90' lang='lat' dir='ltr'><strong>sit</strong></span> <span class='ocrx_word' id='word_1_262' title='bbox 691 3602 828 3686; x_wconf 69' lang='lat' dir='ltr'><strong>pudicas,</strong></span> <span class='ocrx_word' id='word_1_263' title='bbox 855 3599 938 3686; x_wconf 91' lang='lat' dir='ltr'><strong>quod</strong></span> <span class='ocrx_word' id='word_1_264' title='bbox 961 3621 1028 3664; x_wconf 92' lang='lat' dir='ltr'><strong>non</strong></span> <span class='ocrx_word' id='word_1_265' title='bbox 1050 3599 1177 3664; x_wconf 88' lang='lat' dir='ltr'><strong>aliunde</strong></span> <span class='ocrx_word' id='word_1_266' title='bbox 1199 3603 1314 3666; x_wconf 87' lang='lat' dir='ltr'><strong>natum</strong></span> <span class='ocrx_word' id='word_1_267' title='bbox 1338 3599 1429 3666; x_wconf 84' lang='lat' dir='ltr'><strong>vide-</strong></span> 
     </span>
    </p>
   </div>
   <div class='ocr_carea' id='block_1_4' title="bbox 280 3705 1551 3801">
    <p class='ocr_par' dir='ltr' id='par_1_4' title="bbox 280 3705 1551 3801">
     <span class='ocr_line' id='line_1_32' title="bbox 280 3705 1551 3801; baseline 0.002 -31"><span class='ocrx_word' id='word_1_268' title='bbox 280 3711 334 3771; x_wconf 91' lang='lat' dir='ltr'><strong>tur</strong></span> <span class='ocrx_word' id='word_1_269' title='bbox 361 3705 425 3771; x_wconf 87' lang='lat' dir='ltr'><strong>nisi</strong></span> <span class='ocrx_word' id='word_1_270' title='bbox 454 3727 471 3772; x_wconf 90' lang='lat' dir='ltr'><strong>e</strong></span> <span class='ocrx_word' id='word_1_271' title='bbox 498 3707 647 3792; x_wconf 83' lang='lat' dir='ltr'><strong>neglecto</strong></span> <span class='ocrx_word' id='word_1_272' title='bbox 676 3709 718 3773; x_wconf 85' lang='lat' dir='ltr'><strong>ab</strong></span> <span class='ocrx_word' id='word_1_273' title='bbox 748 3707 882 3774; x_wconf 87' lang='lat' dir='ltr'><strong>librario</strong></span> <span class='ocrx_word' id='word_1_274' title='bbox 910 3705 936 3772; x_wconf 93' lang='lat' dir='ltr'>P</span> <span class='ocrx_word' id='word_1_275' title='bbox 965 3707 1093 3772; x_wconf 88' lang='lat' dir='ltr'><strong>litterae</strong></span> <span class='ocrx_word' id='word_1_276' title='bbox 1126 3705 1230 3790; x_wconf 86' lang='lat' dir='ltr'><strong>apice,</strong></span> <span class='ocrx_word' id='word_1_277' title='bbox 1266 3707 1324 3791; x_wconf 90' lang='lat' dir='ltr'><strong>qui</strong></span> <span class='ocrx_word' id='word_1_278' title='bbox 1356 3729 1429 3772; x_wconf 87' lang='lat' dir='ltr'><strong>esso</strong></span> <span class='ocrx_word' id='word_1_279' title='bbox 1550 3747 1551 3801; x_wconf 47' lang='lat' dir='ltr'><strong>p</strong></span> 
     </span>
    </p>
   </div>
   <div class='ocr_carea' id='block_1_5' title="bbox 279 3811 1429 4007">
    <p class='ocr_par' dir='ltr' id='par_1_5' title="bbox 279 3811 1429 4007">
     <span class='ocr_line' id='line_1_33' title="bbox 279 3811 1429 3900; baseline 0.001 -22"><span class='ocrx_word' id='word_1_280' title='bbox 279 3813 431 3898; x_wconf 85' lang='lat' dir='ltr'><strong>perexilis</strong></span> <span class='ocrx_word' id='word_1_281' title='bbox 455 3813 488 3878; x_wconf 92' lang='lat' dir='ltr'><strong>in</strong></span> <span class='ocrx_word' id='word_1_282' title='bbox 512 3813 659 3880; x_wconf 90' lang='lat' dir='ltr'><strong>codicum</strong></span> <span class='ocrx_word' id='word_1_283' title='bbox 682 3814 981 3900; x_wconf 88' lang='lat' dir='ltr'><strong>antiquissimorum</strong></span> <span class='ocrx_word' id='word_1_284' title='bbox 1004 3811 1056 3897; x_wconf 92' lang='lat' dir='ltr'><strong>(ut</strong></span> <span class='ocrx_word' id='word_1_285' title='bbox 1078 3813 1180 3898; x_wconf 90' lang='lat' dir='ltr'><strong>ipsius</strong></span> <span class='ocrx_word' id='word_1_286' title='bbox 1198 3813 1429 3900; x_wconf 85' lang='lat' dir='ltr'><strong>Ambrosiani)</strong></span> 
     </span>
     <span class='ocr_line' id='line_1_34' title="bbox 280 3919 1428 4007; baseline 0.003 -22"><span class='ocrx_word' id='word_1_287' title='bbox 280 3920 441 4005; x_wconf 88' lang='lat' dir='ltr'><strong>scriptura</strong></span> <span class='ocrx_word' id='word_1_288' title='bbox 465 3921 558 3988; x_wconf 91' lang='lat' dir='ltr'><strong>solet.</strong></span> <span class='ocrx_word' id='word_1_289' title='bbox 603 3922 718 4007; x_wconf 87' lang='lat' dir='ltr'><strong>Itaque</strong></span> <span class='ocrx_word' id='word_1_290' title='bbox 741 3945 814 3988; x_wconf 90' lang='lat' dir='ltr'><strong>oum</strong></span> <span class='ocrx_word' id='word_1_291' title='bbox 837 3922 942 4006; x_wconf 92' lang='lat' dir='ltr'><strong>ipsum</strong></span> <span class='ocrx_word' id='word_1_292' title='bbox 959 3921 1122 4004; x_wconf 59' lang='lat' dir='ltr'><strong>meum</strong></span> <span class='ocrx_word' id='word_1_293' title='bbox 1143 3919 1248 3986; x_wconf 88' lang='lat' dir='ltr'><strong>Vetus</strong></span> <span class='ocrx_word' id='word_1_294' title='bbox 1274 3919 1332 3987; x_wconf 89' lang='lat' dir='ltr'><strong>ille</strong></span> <span class='ocrx_word' id='word_1_295' title='bbox 1355 3925 1428 3988; x_wconf 86' lang='lat' dir='ltr'><strong>tan-</strong></span> 
     </span>
    </p>
   </div>
   <div class='ocr_carea' id='block_1_6' title="bbox 279 4198 1428 4548">
    <p class='ocr_par' dir='ltr' id='par_1_6' title="bbox 279 4198 1428 4548">
     <span class='ocr_line' id='line_1_35' title="bbox 368 4198 1428 4275; baseline 0 -15"><span class='ocrx_word' id='word_1_296' title='bbox 368 4204 394 4274; x_wconf 57' lang='grc' dir='ltr'><strong>Ι1)</strong></span> <span class='ocrx_word' id='word_1_297' title='bbox 414 4205 482 4274; x_wconf 81' lang='lat' dir='ltr'><strong>[Sed</strong></span> <span class='ocrx_word' id='word_1_298' title='bbox 501 4205 535 4260; x_wconf 83' lang='lat' dir='ltr'><strong>cl.</strong></span> <span class='ocrx_word' id='word_1_299' title='bbox 555 4205 585 4261; x_wconf 92' lang='grc' dir='ltr'><strong>Ρ.</strong></span> <span class='ocrx_word' id='word_1_300' title='bbox 600 4205 631 4262; x_wconf 88' lang='lat' dir='ltr'><strong>L.</strong></span> <span class='ocrx_word' id='word_1_301' title='bbox 647 4205 683 4260; x_wconf 87' lang='lat' dir='ltr'><strong>hl.</strong></span> <span class='ocrx_word' id='word_1_302' title='bbox 699 4204 729 4261; x_wconf 84' lang='grc' dir='ltr'><strong>Ε.</strong></span> <span class='ocrx_word' id='word_1_303' title='bbox 749 4198 892 4275; x_wconf 75' lang='lat' dir='ltr'><strong>Enarr&#39;p.</strong></span> <span class='ocrx_word' id='word_1_304' title='bbox 906 4209 953 4259; x_wconf 72' lang='lat'><strong>47:</strong></span> <span class='ocrx_word' id='word_1_305' title='bbox 979 4203 1026 4258; x_wconf 81' lang='lat' dir='ltr'><strong>‘de</strong></span> <span class='ocrx_word' id='word_1_306' title='bbox 1045 4203 1231 4259; x_wconf 82' lang='lat' dir='ltr'><strong>PVBLICVM</strong></span> <span class='ocrx_word' id='word_1_307' title='bbox 1254 4201 1347 4258; x_wconf 79' lang='lat' dir='ltr'><strong>forma</strong></span> <span class='ocrx_word' id='word_1_308' title='bbox 1369 4223 1428 4260; x_wconf 78' lang='lat' dir='ltr'><strong>mrs-</strong></span> 
     </span>
     <span class='ocr_line' id='line_1_36' title="bbox 280 4291 1428 4366; baseline 0.002 -18"><span class='ocrx_word' id='word_1_309' title='bbox 280 4291 415 4364; x_wconf 87' lang='lat' dir='ltr'><strong>pitionem</strong></span> <span class='ocrx_word' id='word_1_310' title='bbox 433 4311 526 4349; x_wconf 86' lang='lat' dir='ltr'><strong>meam</strong></span> <span class='ocrx_word' id='word_1_311' title='bbox 544 4297 676 4366; x_wconf 82' lang='lat' dir='ltr'><strong>ectypnm</strong></span> <span class='ocrx_word' id='word_1_312' title='bbox 695 4294 874 4350; x_wconf 86' lang='lat' dir='ltr'><strong>chartaceum</strong></span> <span class='ocrx_word' id='word_1_313' title='bbox 892 4309 949 4350; x_wconf 90' lang='lat' dir='ltr'><strong>non</strong></span> <span class='ocrx_word' id='word_1_314' title='bbox 967 4292 1035 4348; x_wconf 85' lang='lat' dir='ltr'><strong>item</strong></span> <span class='ocrx_word' id='word_1_315' title='bbox 1058 4292 1179 4348; x_wconf 80' lang='lat' dir='ltr'><strong>firmavit</strong></span> <span class='ocrx_word' id='word_1_316' title='bbox 1197 4293 1283 4362; x_wconf 83' lang='lat' dir='ltr'><strong>atque</strong></span> <span class='ocrx_word' id='word_1_317' title='bbox 1301 4293 1428 4350; x_wconf 78' lang='lat' dir='ltr'><strong>Hannoni</strong></span> 
     </span>
     <span class='ocr_line' id='line_1_37' title="bbox 281 4379 1428 4453; baseline -0.001 -16"><span class='ocrx_word' id='word_1_318' title='bbox 281 4383 315 4438; x_wconf 90' lang='lat' dir='ltr'><strong>de</strong></span> <span class='ocrx_word' id='word_1_319' title='bbox 338 4383 501 4453; x_wconf 76' lang='lat' dir='ltr'><strong>corrigendo</strong></span> <span class='ocrx_word' id='word_1_320' title='bbox 524 4383 694 4439; x_wconf 84' lang='lat' dir='ltr'><strong>RVTILIVS</strong></span> <span class='ocrx_word' id='word_1_321' title='bbox 730 4383 842 4441; x_wconf 88' lang='lat' dir='ltr'><strong>nominc</strong></span> <span class='ocrx_word' id='word_1_322' title='bbox 865 4379 1038 4438; x_wconf 81' lang='lat' dir='ltr'><strong>&#39;sententiam</strong></span> <span class='ocrx_word' id='word_1_323' title='bbox 1062 4397 1126 4436; x_wconf 87' lang='lat' dir='ltr'><strong>cnm</strong></span> <span class='ocrx_word' id='word_1_324' title='bbox 1143 4380 1232 4437; x_wconf 80' lang='lat' dir='ltr'><strong>Musei</strong></span> <span class='ocrx_word' id='word_1_325' title='bbox 1250 4381 1340 4437; x_wconf 80' lang='lat' dir='ltr'><strong>Rhea.</strong></span> <span class='ocrx_word' id='word_1_326' title='bbox 1361 4383 1382 4440; x_wconf 77' lang='lat' dir='ltr'><strong>t</strong></span> <span class='ocrx_word' id='word_1_327' title='bbox 1403 4383 1428 4436; x_wconf 89' lang='lat' dir='ltr'><strong>V</strong></span> 
     </span>
     <span class='ocr_line' id='line_1_38' title="bbox 279 4470 1104 4548; baseline 0 -22"><span class='ocrx_word' id='word_1_328' title='bbox 279 4487 307 4548; x_wconf 80' lang='lat' dir='ltr'><strong>p.</strong></span> <span class='ocrx_word' id='word_1_329' title='bbox 325 4477 377 4526; x_wconf 83' lang='grc'>464</span> <span class='ocrx_word' id='word_1_330' title='bbox 396 4473 456 4526; x_wconf 83' lang='grc' dir='ltr'>1ιιιιι</span> <span class='ocrx_word' id='word_1_331' title='bbox 476 4473 559 4528; x_wconf 87' lang='lat' dir='ltr'><strong>Orell.</strong></span> <span class='ocrx_word' id='word_1_332' title='bbox 579 4473 598 4530; x_wconf 88' lang='lat' dir='ltr'><strong>t.</strong></span> <span class='ocrx_word' id='word_1_333' title='bbox 613 4473 662 4544; x_wconf 91' lang='lat' dir='ltr'><strong>Ill,</strong></span> <span class='ocrx_word' id='word_1_334' title='bbox 681 4478 749 4528; x_wconf 89' lang='grc'>6601</span> <span class='ocrx_word' id='word_1_335' title='bbox 769 4471 963 4544; x_wconf 63' lang='lat' dir='ltr'><strong>propomam)</strong></span> <span class='ocrx_word' id='word_1_336' title='bbox 1002 4471 1032 4528; x_wconf 80' lang='lat' dir='ltr'><strong>O.</strong></span> <span class='ocrx_word' id='word_1_337' title='bbox 1047 4470 1104 4544; x_wconf 87' lang='lat' dir='ltr'><strong>W.]</strong></span> 
     </span>
    </p>
   </div>
   <div class='ocr_carea' id='block_1_7' title="bbox 0 0 1562 5066">
    <p class='ocr_par' dir='ltr' id='par_1_7' title="bbox 0 0 1562 5066">
     <span class='ocr_line' id='line_1_39' title="bbox 0 0 1562 5066; baseline 0 0"><span class='ocrx_word' id='word_1_338' title='bbox 0 0 1562 5066; x_wconf 95' lang='lat' dir='ltr'><strong> </strong></span> 
     </span>
    </p>
   </div>
  </div>
 </body>
</html>
