3116 5066
459 373 667 422 nmonnnnn
681 341 866 422 solemn.
1169 359 1232 424 135
1331 379 1333 384 ’

118 517 206 582 serbis
226 517 360 583 habente
384 541 481 602 qnam
504 518 538 583 in
561 518 627 582 illis
656 539 738 602 quae
760 517 865 582 Musei
895 517 999 582 nostri
1023 516 1102 601 phil.
1125 521 1149 583 t.
1167 517 1231 582 VII

116 647 139 707 p.
154 623 209 690 315
222 647 283 712 sqq.
308 624 438 710 [Opuso.
461 625 494 690 Π
517 649 547 710 p.
565 625 632 690 442
647 623 743 710 sq.*)]
768 624 906 689 tractari
929 623 1115 690 nominibus
1138 626 1233 689 itiner

116 732 231 798 aaron
248 707 381 814 feudiis.
426 731 519 796 Vnde
542 735 630 798 recte
654 731 761 797 Ennio
790 735 940 797 cecinens
963 735 996 796 et
1018 733 1232 798 carinenbbus

115 838 335 906 tribuitnrt'nec
348 862 414 905 non
433 843 618 925 correptum
637 843 834 922 coquinatam
853 840 938 924 apud
951 839 1114 904 Plautum.
1143 839 1230 916 Quae

115 949 206 1029 suapte
225 951 340 1012 natura
362 947 470 1012 brevis
492 948 528 1011 in
552 945 681 1030 syllaba
703 946 738 1011 in
760 947 893 1033 longam
916 951 987 1012 tum
1013 947 1141 1012 demum
1165 969 1231 1012 cre·

114 1051 161 1136 rit,
179 1075 243 1118 eum
265 1053 386 1120 coaluit
409 1075 481 1119 oum
505 1054 570 1118 alia
589 1053 695 1118 vocali
715 1075 814 1140 eaque
834 1053 951 1118 radicis
971 1055 1112 1139 propria.
1141 1055 1230 1141 Ergo

32 1235 33 1250 χ
114 1163 142 1226 ut
160 1183 175 1224 a
192 1159 276 1241 [reor
303 1159 436 1226 ductum
464 1165 514 1226 est
539 1161 697 1243 franiman
724 1159 889 1247 (produxit
917 1161 1003 1226 enim
1025 1159 1168 1226 Lucilius
1195 1162 1230 1226 in

114 1266 184 1331 eritu
199 1267 387 1334 'hexametri
424 1289 517 1352 oeque
546 1269 704 1349 frueriseor
739 1289 790 1352 epo
826 1288 863 1333 ae
899 1273 933 1332 ta
969 1268 1055 1352 apud
1086 1267 1230 1334 Nonium

113 1393 136 1454 p.
150 1371 214 1461 113)
231 1375 289 1440 hac
303 1376 445 1440 ratione:
465 1376 671 1458 fere-inissa,
688 1375 737 1439 ita
755 1397 775 1438 a
782 1375 883 1457 plaia
897 1375 1070 1460 explanant,
1093 1375 1230 1458 aque-in

113 1479 152 1542 sel
171 1483 262 1563 quiin
282 1489 468 1568 mereunt,
496 1484 683 1568 maioreque
706 1481 785 1547 adeo
808 1482 1003 1548 necessitate
1027 1483 1068 1547 ab
1091 1483 1154 1547 oia
1178 1485 1228 1548 vel

114 1585 160 1650 l-in
173 1591 338 1670 prodinunt
364 1591 495 1657 obeam
520 1593 680 1672 redinunt,
711 1594 748 1654 nt
771 1589 805 1653 in
829 1588 978 1654 Enniano
1001 1610 1096 1654 versu
1119 1589 1229 1655 Prodi-
1244 1611 1270 1652 is

113 1698 174 1756 nant
198 1695 307 1775 famuli
338 1735 395 1763 —.
448 1696 533 1762 Hinc
567 1697 761 1783 perspicitur
790 1718 856 1761 non
888 1699 973 1760 recte
1011 1695 1229 1762 Godolredum

112 1795 304 1869 Hermannum
329 1805 368 1870 de
391 1805 476 1870 Livii
506 1829 544 1870 ex
568 1804 697 1870 Odissia
724 1826 818 1870 versu
846 1804 893 1878 sie
923 1802 1076 1868 statuisse
1098 1803 1133 1868 in
1155 1803 1228 1867 Ele-

112 1908 206 1973 mentis
227 1910 389 1977 doctrinae
408 1912 563 1978 metricae
581 1935 611 1998 p.
627 1913 706 1978 621:
728 1943 748 1970 υ
760 1937 778 1971 ,ν
786 1911 909 1994 partim
931 1911 1039 1974 mont
1059 1909 1231 1992 wainart

112 2013 251 2083 braum
271 2020 384 2108 emine,
402 2019 457 2105 qui
479 2041 590 2086 versus
613 2020 661 2086 ita
683 2017 864 2086 metiendus
887 2021 951 2082 est:

162 2139 297 2208 Partim
320 2143 493 2210 errante's
515 2143 732 2229 nequinont
753 2182 775 2191 -
799 2142 1003 2208 Graeciam
1026 2140 1166 2228 redire3

112 2263 154 2328 sed
173 2288 231 2356 non
252 2269 358 2333 minus
381 2267 527 2353 graviter
544 2269 579 2334 in
597 2270 793 2335 contrariam
812 2273 940 2353 partem
959 2267 999 2332 ab
1021 2265 1056 2330 Ο.
1070 2265 1228 2332 Muellero

111 2375 222 2458 peccari,
243 2374 297 2460 qui
321 2397 393 2439 enm
418 2373 581 2459 Supplem.
595 2375 685 2441 Festi
708 2399 738 2460 p.
753 2376 816 2440 397
841 2376 1056 2440 incarnaretur
1078 2373 1229 2458 probavit

111 2475 280 2546 inainsdem
303 2481 390 2546 Livii
416 2480 479 2548 hoc
507 2483 592 2566 apud
615 2482 748 2548 Festum
777 2505 805 2547 v.
829 2486 948 2563 tepqm:
980 2481 1079 2544 Milia
1105 2481 1172 2546 cilio
1194 2483 1229 2546 ia

32 2669 34 2680 .
111 2583 186 2649 iodea
209 2589 429 2671 imerindnber,
456 2589 588 2656 admisit
614 2591 700 2674 quod
727 2590 852 2654 nullam
881 2589 922 2653 ab
946 2587 1099 2672 analogia
1122 2589 1227 2653 defen-

110 2689 211 2757 sionem
226 2695 358 2779 patitur.
392 2694 470 2779 Vbi,
493 2717 565 2761 cum
587 2696 685 2762 fidem
709 2696 794 2781 apud
816 2717 867 2759 me
890 2715 957 2759 non
979 2693 1125 2760 inveniat
1138 2695 1227 2760 bina-

32 2827 33 2844 *
110 2816 168 2861 rum
186 2800 320 2867 thesium
343 2801 435 2867 nullo
458 2803 631 2869 intervallo
660 2827 694 2869 sc
717 2802 948 2888 excipientium
971 2801 1158 2886 suppressio
1181 2804 1228 2866 in-

108 2903 270 2995 cendatur,
291 2910 380 2975 haud
404 2909 471 2976 seio
495 2932 537 2974 an
560 2911 681 2976 rationi
700 2932 765 2975 una
783 2909 910 2975 adiecta
928 2908 1058 2993 syllaba
1075 2907 1227 2973 satisfiat:

245 3033 357 3099 Milia
380 3033 462 3098 alia
484 3033 523 3098 in
546 3033 666 3099 isdem
690 3071 711 3080 —
734 3032 1071 3099 interserinrtntur.
1194 3099 1199 3110 ,

108 3147 169 3216 Nisi
187 3157 262 3224 forte
285 3159 409 3244 aliquid
432 3159 631 3243 syllabarum
650 3163 724 3224 ante
743 3161 779 3224 ia
796 3160 892 3224 isdem
914 3158 965 3222 vel
988 3162 1064 3242 post
1078 3181 1116 3224 ea
1129 3159 1228 3224 rerba

111 3256 253 3332 intercidit.

180 3367 279 3438 Vnum
302 3372 456 3458 quiddam
481 3373 586 3438 sciens
610 3373 827 3456 praetermisi,
850 3376 888 3436 ut
911 3372 995 3455 quod
1020 3372 1054 3436 in
1077 3372 1137 3437 hae
1161 3375 1227 3458 qui·

112 3469 167 3536 dem
179 3482 360 3561 quaestione
379 3480 444 3544 vim
463 3479 587 3544 nullam
605 3479 724 3544 habere
739 3479 974 3564 intellegerem:
998 3479 1081 3562 quod
1102 3483 1227 3562 spectat

111 3578 140 3641 ad
158 3587 365 3656 nominativos
388 3588 529 3672 plurales
553 3587 711 3652 secundae
742 3585 967 3652 declinationis
989 3605 1006 3652 a
1030 3584 1143 3651 littera
1164 3589 1227 3651 ter·

111 3684 223 3758 nuans
243 3697 279 3760 in
297 3693 592 3760 VERTVLEIEIS
612 3699 645 3759 et
662 3689 959 3778 LEIBEREIS.**)
982 3692 1056 3756 Non
1071 3698 1122 3756 est
1139 3693 1226 3758 enim

112 3783 200 3862 harum
225 3824 302 3868 usus
329 3802 509 3867 formarum
537 3805 606 3866 tam
638 3801 719 3868 artis
751 3800 908 3885 temporis
940 3799 1058 3864 finibus
1092 3799 1226 3863 circum·

112 3947 293 3973 κ-

177 4045 270 4120 *)[lbi
297 4049 327 4103 in
354 4047 535 4104 adnotatione
562 4047 713 4102 laudantur
740 4047 826 4102 etiam
850 4045 883 4101 H.
904 4044 1021 4116 Sauppii
1049 4043 1226 4113 quaestiones

111 4119 229 4194 Plautinas
247 4137 411 4209 (Gottmgae
433 4141 513 4207 rasa)
531 4155 558 4208 p.
575 4144 607 4192 10
622 4155 681 4206 sqq.
719 4137 748 4192 c.
764 4135 821 4209 W.]

164 4221 198 4294 ⁸⁸)
216 4227 359 4299 [Confer-as
390 4244 462 4298 quae
490 4229 636 4297 praeterea
664 4225 806 4296 congessit
832 4224 1003 4281 Ritsohalins
1025 4222 1115 4278 Mosei
1137 4223 1225 4280 Rhen.

112 4297 167 4359 ΗΧ
180 4328 202 4380 p.
218 4323 267 4373 156
282 4335 324 4386 sq.
339 4317 384 4386 (=
400 4315 502 4386 Opuso.
517 4317 543 4370 ΙΙ
557 4335 585 4386 p.
601 4318 676 4386 647);
695 4315 725 4368 in
740 4314 883 4384 prooemio
897 4314 953 4368 ind.
969 4312 1054 4368 schol.
1071 4311 1128 4368 hib.
1138 4312 1225 4368 Bonn.

112 4397 191 4480 &185⁶
201 4405 270 4462 etot
285 4405 334 4461 ‘de
347 4407 427 4472 edna,
440 4405 525 4460 isdem
540 4403 712 4476 pronominis
726 4403 833 4458 lormis’
850 4402 933 4472 (infra
950 4421 977 4458 n.
992 4402 1068 4472 Xlll)
1086 4421 1113 4473 p.
1124 4403 1163 4458 Vl
1176 4421 1225 4476 sq,

113 4488 133 4526 ¹³
146 4477 222 4548 india
238 4493 430 4550 nnananona
448 4493 479 4549 Ρ.
498 4493 529 4552 a.
549 4493 586 4547 n.
604 4494 636 4548 u.
655 4511 682 4563 p.
699 4489 774 4546 rw
793 4509 814 4546 s.
834 4509 859 4546 v.
881 4491 1102 4549 ‘noanneane
1122 4491 1151 4548 o.
1167 4492 1224 4564 vu]
