<?xml version="1.0" encoding="UTF-8"?>
<!DOCTYPE html PUBLIC "-//W3C//DTD XHTML 1.0 Transitional//EN"
    "http://www.w3.org/TR/xhtml1/DTD/xhtml1-transitional.dtd">
<html xmlns="http://www.w3.org/1999/xhtml" xml:lang="en" lang="en">
 <head>
  <title>
</title>
<meta http-equiv="Content-Type" content="text/html;charset=utf-8" />
  <meta name='ocr-system' content='tesseract 3.04.00' />
  <meta name='ocr-capabilities' content='ocr_page ocr_carea ocr_par ocr_line ocrx_word'/>
</head>
<body>
  <div class='ocr_page' id='page_1' title='image "./fridericiritsch08wachgoog/fridericiritsch08wachgoog_0046.png"; bbox 0 0 3166 5084; ppageno 0'>
   <div class='ocr_carea' id='block_1_1' title="bbox 520 285 1348 350">
    <p class='ocr_par' dir='ltr' id='par_1_1' title="bbox 520 285 1348 350">
     <span class='ocr_line' id='line_1_1' title="bbox 520 285 1348 350; baseline 0.006 -6"><span class='ocrx_word' id='word_1_1' title='bbox 520 294 690 344; x_wconf 79' lang='lat' dir='ltr'><strong>nousouu</strong></span> <span class='ocrx_word' id='word_1_2' title='bbox 713 295 857 346; x_wconf 73' lang='lat' dir='ltr'><strong>nissum</strong></span> <span class='ocrx_word' id='word_1_3' title='bbox 880 297 1028 347; x_wconf 78' lang='lat' dir='ltr'><strong>nonrsn.</strong></span> <span class='ocrx_word' id='word_1_4' title='bbox 1305 285 1348 350; x_wconf 79' lang='lat'><strong>23</strong></span> 
     </span>
    </p>
   </div>
   <div class='ocr_carea' id='block_1_2' title="bbox 193 436 1347 635">
    <p class='ocr_par' dir='ltr' id='par_1_2' title="bbox 193 436 1347 635">
     <span class='ocr_line' id='line_1_2' title="bbox 193 436 1347 527; baseline 0.01 -27"><span class='ocrx_word' id='word_1_5' title='bbox 193 436 282 500; x_wconf 91' lang='lat' dir='ltr'><strong>milis</strong></span> <span class='ocrx_word' id='word_1_6' title='bbox 306 442 342 502; x_wconf 87' lang='lat' dir='ltr'><strong>et</strong></span> <span class='ocrx_word' id='word_1_7' title='bbox 365 442 437 503; x_wconf 90' lang='lat' dir='ltr'><strong>tam</strong></span> <span class='ocrx_word' id='word_1_8' title='bbox 461 441 648 504; x_wconf 84' lang='lat' dir='ltr'><strong>constanter</strong></span> <span class='ocrx_word' id='word_1_9' title='bbox 670 441 823 524; x_wconf 85' lang='lat' dir='ltr'><strong>evaserit,</strong></span> <span class='ocrx_word' id='word_1_10' title='bbox 855 445 892 506; x_wconf 91' lang='lat' dir='ltr'><strong>ut</strong></span> <span class='ocrx_word' id='word_1_11' title='bbox 919 440 997 506; x_wconf 90' lang='lat' dir='ltr'><strong>hine</strong></span> <span class='ocrx_word' id='word_1_12' title='bbox 1026 442 1131 526; x_wconf 83' lang='lat' dir='ltr'><strong>petito</strong></span> <span class='ocrx_word' id='word_1_13' title='bbox 1156 448 1347 527; x_wconf 82' lang='lat' dir='ltr'><strong>argumento</strong></span> 
     </span>
     <span class='ocr_line' id='line_1_3' title="bbox 193 544 1208 635; baseline 0.006 -25"><span class='ocrx_word' id='word_1_14' title='bbox 193 546 263 610; x_wconf 87' lang='lat' dir='ltr'><strong>tam</strong></span> <span class='ocrx_word' id='word_1_15' title='bbox 286 545 386 608; x_wconf 88' lang='lat' dir='ltr'><strong>certis</strong></span> <span class='ocrx_word' id='word_1_16' title='bbox 411 544 530 610; x_wconf 87' lang='lat' dir='ltr'><strong>finibus</strong></span> <span class='ocrx_word' id='word_1_17' title='bbox 554 545 693 612; x_wconf 73' lang='lat' dir='ltr'>coerceri</span> <span class='ocrx_word' id='word_1_18' title='bbox 716 547 872 632; x_wconf 89' lang='lat' dir='ltr'><strong>temporis</strong></span> <span class='ocrx_word' id='word_1_19' title='bbox 896 547 1071 634; x_wconf 78' lang='lat' dir='ltr'>descriptio</span> <span class='ocrx_word' id='word_1_20' title='bbox 1095 550 1208 635; x_wconf 91' lang='lat' dir='ltr'><strong>possit.</strong></span> 
     </span>
    </p>
   </div>
   <div class='ocr_carea' id='block_1_3' title="bbox 192 648 1458 1072">
    <p class='ocr_par' dir='ltr' id='par_1_3' title="bbox 192 648 1458 1072">
     <span class='ocr_line' id='line_1_4' title="bbox 286 648 1347 737; baseline 0.01 -22"><span class='ocrx_word' id='word_1_21' title='bbox 286 648 350 716; x_wconf 86' lang='lat' dir='ltr'><strong>Sed</strong></span> <span class='ocrx_word' id='word_1_22' title='bbox 373 651 472 717; x_wconf 89' lang='lat' dir='ltr'><strong>redeo</strong></span> <span class='ocrx_word' id='word_1_23' title='bbox 497 651 580 716; x_wconf 88' lang='lat' dir='ltr'><strong>unde</strong></span> <span class='ocrx_word' id='word_1_24' title='bbox 603 673 737 718; x_wconf 85' lang='lat' dir='ltr'><strong>exorsus</strong></span> <span class='ocrx_word' id='word_1_25' title='bbox 766 675 851 737; x_wconf 88' lang='lat' dir='ltr'><strong>sum,</strong></span> <span class='ocrx_word' id='word_1_26' title='bbox 880 654 919 718; x_wconf 92' lang='lat' dir='ltr'><strong>ad</strong></span> <span class='ocrx_word' id='word_1_27' title='bbox 944 655 1075 722; x_wconf 88' lang='lat' dir='ltr'><strong>lacunas</strong></span> <span class='ocrx_word' id='word_1_28' title='bbox 1099 661 1167 723; x_wconf 86' lang='lat' dir='ltr'><strong>tem</strong></span> <span class='ocrx_word' id='word_1_29' title='bbox 1191 659 1347 726; x_wconf 89' lang='lat' dir='ltr'><strong>notabilis</strong></span> 
     </span>
     <span class='ocr_line' id='line_1_5' title="bbox 193 759 1346 850; baseline 0.008 -26"><span class='ocrx_word' id='word_1_30' title='bbox 193 759 360 844; x_wconf 71' lang='lat' dir='ltr'><strong>epitaphii</strong></span> <span class='ocrx_word' id='word_1_31' title='bbox 387 766 461 824; x_wconf 87' lang='lat' dir='ltr'><strong>cum</strong></span> <span class='ocrx_word' id='word_1_32' title='bbox 488 759 721 843; x_wconf 74' lang='lat' dir='ltr'><strong>probabilitate</strong></span> <span class='ocrx_word' id='word_1_33' title='bbox 750 759 952 845; x_wconf 88' lang='lat' dir='ltr'><strong>supplendas.</strong></span> <span class='ocrx_word' id='word_1_34' title='bbox 994 761 1080 829; x_wconf 90' lang='lat' dir='ltr'><strong>Nam</strong></span> <span class='ocrx_word' id='word_1_35' title='bbox 1105 787 1187 850; x_wconf 91' lang='lat' dir='ltr'><strong>quae</strong></span> <span class='ocrx_word' id='word_1_36' title='bbox 1210 765 1346 832; x_wconf 90' lang='lat' dir='ltr'><strong>Momm-</strong></span> 
     </span>
     <span class='ocr_line' id='line_1_6' title="bbox 193 865 1344 955; baseline 0.01 -27"><span class='ocrx_word' id='word_1_37' title='bbox 193 865 307 932; x_wconf 84' lang='lat' dir='ltr'><strong>senius</strong></span> <span class='ocrx_word' id='word_1_38' title='bbox 331 867 536 952; x_wconf 84' lang='lat' dir='ltr'><strong>periclitatus</strong></span> <span class='ocrx_word' id='word_1_39' title='bbox 560 870 619 951; x_wconf 86' lang='lat' dir='ltr'><strong>est,</strong></span> <span class='ocrx_word' id='word_1_40' title='bbox 641 886 693 930; x_wconf 90' lang='lat' dir='ltr'><strong>me</strong></span> <span class='ocrx_word' id='word_1_41' title='bbox 715 889 781 932; x_wconf 88' lang='lat' dir='ltr'><strong>uon</strong></span> <span class='ocrx_word' id='word_1_42' title='bbox 805 871 956 932; x_wconf 88' lang='lat' dir='ltr'><strong>monente</strong></span> <span class='ocrx_word' id='word_1_43' title='bbox 983 869 1168 955; x_wconf 89' lang='lat' dir='ltr'><strong>perspicitis</strong></span> <span class='ocrx_word' id='word_1_44' title='bbox 1191 871 1238 937; x_wconf 82' lang='lat' dir='ltr'><strong>ita</strong></span> <span class='ocrx_word' id='word_1_45' title='bbox 1259 895 1344 940; x_wconf 90' lang='lat' dir='ltr'><strong>com-</strong></span> 
     </span>
     <span class='ocr_line' id='line_1_7' title="bbox 192 973 1458 1072; baseline 0.008 -35"><span class='ocrx_word' id='word_1_46' title='bbox 192 975 313 1057; x_wconf 84' lang='lat' dir='ltr'><strong>parata</strong></span> <span class='ocrx_word' id='word_1_47' title='bbox 341 995 425 1057; x_wconf 86' lang='lat' dir='ltr'><strong>esse,</strong></span> <span class='ocrx_word' id='word_1_48' title='bbox 458 978 495 1038; x_wconf 87' lang='lat' dir='ltr'><strong>ut</strong></span> <span class='ocrx_word' id='word_1_49' title='bbox 524 973 608 1038; x_wconf 82' lang='lat' dir='ltr'><strong>viam</strong></span> <span class='ocrx_word' id='word_1_50' title='bbox 636 973 747 1060; x_wconf 87' lang='lat' dir='ltr'><strong>potius</strong></span> <span class='ocrx_word' id='word_1_51' title='bbox 776 973 917 1057; x_wconf 77' lang='lat' dir='ltr'><strong>aliquam</strong></span> <span class='ocrx_word' id='word_1_52' title='bbox 945 974 1055 1060; x_wconf 89' lang='lat' dir='ltr'><strong>aliquo</strong></span> <span class='ocrx_word' id='word_1_53' title='bbox 1083 978 1178 1044; x_wconf 92' lang='lat' dir='ltr'><strong>modo</strong></span> <span class='ocrx_word' id='word_1_54' title='bbox 1205 979 1344 1046; x_wconf 88' lang='lat' dir='ltr'><strong>redinte·</strong></span> <span class='ocrx_word' id='word_1_55' title='bbox 1453 1061 1458 1072; x_wconf 29' lang='grc'>1</span> 
     </span>
    </p>
   </div>
   <div class='ocr_carea' id='block_1_4' title="bbox 192 1079 1344 1491">
    <p class='ocr_par' dir='ltr' id='par_1_4' title="bbox 192 1079 1344 1491">
     <span class='ocr_line' id='line_1_8' title="bbox 193 1079 1344 1178; baseline 0.007 -34"><span class='ocrx_word' id='word_1_56' title='bbox 193 1080 313 1164; x_wconf 84' lang='lat' dir='ltr'><strong>grandi</strong></span> <span class='ocrx_word' id='word_1_57' title='bbox 337 1079 456 1164; x_wconf 88' lang='lat' dir='ltr'><strong>lapidis</strong></span> <span class='ocrx_word' id='word_1_58' title='bbox 479 1079 628 1146; x_wconf 80' lang='lat' dir='ltr'><strong>videatur</strong></span> <span class='ocrx_word' id='word_1_59' title='bbox 645 1085 826 1146; x_wconf 87' lang='lat' dir='ltr'><strong>monstrare</strong></span> <span class='ocrx_word' id='word_1_60' title='bbox 846 1081 996 1165; x_wconf 88' lang='lat' dir='ltr'><strong>voluisse,</strong></span> <span class='ocrx_word' id='word_1_61' title='bbox 1015 1105 1111 1166; x_wconf 89' lang='lat' dir='ltr'><strong>quam</strong></span> <span class='ocrx_word' id='word_1_62' title='bbox 1129 1106 1248 1168; x_wconf 88' lang='lat' dir='ltr'><strong>ponere</strong></span> <span class='ocrx_word' id='word_1_63' title='bbox 1264 1109 1344 1178; x_wconf 82' lang='lat' dir='ltr'><strong>quse</strong></span> 
     </span>
     <span class='ocr_line' id='line_1_9' title="bbox 193 1186 1343 1278; baseline 0.009 -28"><span class='ocrx_word' id='word_1_64' title='bbox 193 1209 215 1250; x_wconf 87' lang='lat' dir='ltr'><strong>a</strong></span> <span class='ocrx_word' id='word_1_65' title='bbox 238 1189 338 1270; x_wconf 86' lang='lat' dir='ltr'><strong>poeta</strong></span> <span class='ocrx_word' id='word_1_66' title='bbox 360 1187 490 1270; x_wconf 88' lang='lat' dir='ltr'><strong>linguae</strong></span> <span class='ocrx_word' id='word_1_67' title='bbox 514 1207 590 1252; x_wconf 88' lang='lat' dir='ltr'><strong>suae</strong></span> <span class='ocrx_word' id='word_1_68' title='bbox 613 1208 678 1251; x_wconf 92' lang='lat' dir='ltr'><strong>non</strong></span> <span class='ocrx_word' id='word_1_69' title='bbox 703 1208 836 1270; x_wconf 89' lang='lat' dir='ltr'><strong>prorsus</strong></span> <span class='ocrx_word' id='word_1_70' title='bbox 859 1186 974 1271; x_wconf 83' lang='lat' dir='ltr'><strong>ignaro</strong></span> <span class='ocrx_word' id='word_1_71' title='bbox 995 1189 1093 1254; x_wconf 85' lang='lat' dir='ltr'><strong>scribi</strong></span> <span class='ocrx_word' id='word_1_72' title='bbox 1112 1192 1256 1274; x_wconf 84' lang='lat' dir='ltr'><strong>potuisse</strong></span> <span class='ocrx_word' id='word_1_73' title='bbox 1275 1194 1343 1278; x_wconf 90' lang='lat' dir='ltr'><strong>ipse</strong></span> 
     </span>
     <span class='ocr_line' id='line_1_10' title="bbox 192 1290 1342 1384; baseline 0.008 -28"><span class='ocrx_word' id='word_1_74' title='bbox 192 1293 347 1358; x_wconf 88' lang='lat' dir='ltr'><strong>crederet.</strong></span> <span class='ocrx_word' id='word_1_75' title='bbox 392 1292 506 1376; x_wconf 82' lang='lat' dir='ltr'>Neque</span> <span class='ocrx_word' id='word_1_76' title='bbox 533 1291 619 1358; x_wconf 91' lang='lat' dir='ltr'><strong>enim</strong></span> <span class='ocrx_word' id='word_1_77' title='bbox 646 1295 715 1358; x_wconf 85' lang='lat' dir='ltr'><strong>tam</strong></span> <span class='ocrx_word' id='word_1_78' title='bbox 740 1290 869 1357; x_wconf 89' lang='lat' dir='ltr'><strong>doctum</strong></span> <span class='ocrx_word' id='word_1_79' title='bbox 898 1293 1004 1358; x_wconf 83' lang='lat' dir='ltr'><strong>virum</strong></span> <span class='ocrx_word' id='word_1_80' title='bbox 1032 1295 1169 1362; x_wconf 87' lang='lat' dir='ltr'><strong>credetis</strong></span> <span class='ocrx_word' id='word_1_81' title='bbox 1193 1299 1244 1362; x_wconf 88' lang='lat' dir='ltr'><strong>vel</strong></span> <span class='ocrx_word' id='word_1_82' title='bbox 1267 1323 1342 1384; x_wconf 90' lang='lat' dir='ltr'><strong>pro-</strong></span> 
     </span>
     <span class='ocr_line' id='line_1_11' title="bbox 193 1397 1341 1491; baseline 0.005 -25"><span class='ocrx_word' id='word_1_83' title='bbox 193 1401 346 1467; x_wconf 86' lang='lat' dir='ltr'><strong>sodiacae</strong></span> <span class='ocrx_word' id='word_1_84' title='bbox 368 1399 504 1464; x_wconf 88' lang='lat' dir='ltr'><strong>rationis</strong></span> <span class='ocrx_word' id='word_1_85' title='bbox 528 1397 732 1464; x_wconf 75' lang='lat' dir='ltr'><strong>vitiationem</strong></span> <span class='ocrx_word' id='word_1_86' title='bbox 761 1397 794 1462; x_wconf 95' lang='lat' dir='ltr'><strong>in</strong></span> <span class='ocrx_word' id='word_1_87' title='bbox 819 1399 941 1480; x_wconf 74' lang='lat' dir='ltr'><strong>tepenti,</strong></span> <span class='ocrx_word' id='word_1_88' title='bbox 969 1405 1079 1480; x_wconf 84' lang='lat' dir='ltr'><strong>teneat,</strong></span> <span class='ocrx_word' id='word_1_89' title='bbox 1106 1403 1258 1491; x_wconf 58' lang='lat' dir='ltr'><strong>salubre,</strong></span> <span class='ocrx_word' id='word_1_90' title='bbox 1291 1409 1341 1472; x_wconf 87' lang='lat' dir='ltr'><strong>vel</strong></span> 
     </span>
    </p>
   </div>
   <div class='ocr_carea' id='block_1_5' title="bbox 192 1505 1450 1590">
    <p class='ocr_par' dir='ltr' id='par_1_5' title="bbox 192 1505 1450 1590">
     <span class='ocr_line' id='line_1_12' title="bbox 192 1505 1450 1590; baseline 0.005 -17"><span class='ocrx_word' id='word_1_91' title='bbox 192 1507 343 1573; x_wconf 86' lang='lat' dir='ltr'><strong>hiatuum</strong></span> <span class='ocrx_word' id='word_1_92' title='bbox 366 1507 474 1572; x_wconf 89' lang='lat' dir='ltr'><strong>ulcera</strong></span> <span class='ocrx_word' id='word_1_93' title='bbox 496 1505 531 1570; x_wconf 89' lang='lat' dir='ltr'><strong>in</strong></span> <span class='ocrx_word' id='word_1_94' title='bbox 554 1525 625 1570; x_wconf 81' lang='lat' dir='ltr'><strong>sum</strong></span> <span class='ocrx_word' id='word_1_95' title='bbox 644 1506 781 1590; x_wconf 69' lang='lat' dir='ltr'><strong>adeptae,</strong></span> <span class='ocrx_word' id='word_1_96' title='bbox 805 1507 913 1588; x_wconf 77' lang='lat' dir='ltr'><strong>lcyeutc&#39;</strong></span> <span class='ocrx_word' id='word_1_97' title='bbox 933 1507 1066 1586; x_wconf 80' lang='lat' dir='ltr'><strong>incidite,</strong></span> <span class='ocrx_word' id='word_1_98' title='bbox 1090 1509 1141 1574; x_wconf 85' lang='lat' dir='ltr'><strong>vel</strong></span> <span class='ocrx_word' id='word_1_99' title='bbox 1161 1512 1341 1580; x_wconf 88' lang='lat' dir='ltr'><strong>sententiae</strong></span> <span class='ocrx_word' id='word_1_100' title='bbox 1446 1527 1450 1536; x_wconf 87' lang='lat'>&#39;</span> 
     </span>
    </p>
   </div>
   <div class='ocr_carea' id='block_1_6' title="bbox 176 1613 1341 3195">
    <p class='ocr_par' dir='ltr' id='par_1_6' title="bbox 176 1613 1341 3195">
     <span class='ocr_line' id='line_1_13' title="bbox 191 1613 1341 1700; baseline 0.005 -22"><span class='ocrx_word' id='word_1_101' title='bbox 191 1615 380 1680; x_wconf 86' lang='lat' dir='ltr'><strong>fatuitatem</strong></span> <span class='ocrx_word' id='word_1_102' title='bbox 404 1613 692 1698; x_wconf 87' lang='lat' dir='ltr'><strong>perversitatemve</strong></span> <span class='ocrx_word' id='word_1_103' title='bbox 715 1613 879 1698; x_wconf 79' lang='lat' dir='ltr'><strong>v.14,16,</strong></span> <span class='ocrx_word' id='word_1_104' title='bbox 902 1614 954 1678; x_wconf 90' lang='lat' dir='ltr'><strong>vel</strong></span> <span class='ocrx_word' id='word_1_105' title='bbox 978 1614 1115 1700; x_wconf 88' lang='lat' dir='ltr'><strong>denique</strong></span> <span class='ocrx_word' id='word_1_106' title='bbox 1136 1641 1166 1684; x_wconf 86' lang='lat' dir='ltr'><strong>v.</strong></span> <span class='ocrx_word' id='word_1_107' title='bbox 1190 1621 1229 1684; x_wconf 85' lang='lat' dir='ltr'><strong>ll</strong></span> <span class='ocrx_word' id='word_1_108' title='bbox 1254 1621 1341 1686; x_wconf 91' lang='lat' dir='ltr'><strong>iunc-</strong></span> 
     </span>
     <span class='ocr_line' id='line_1_14' title="bbox 191 1718 1339 1804; baseline 0.006 -18"><span class='ocrx_word' id='word_1_109' title='bbox 191 1727 301 1786; x_wconf 86' lang='lat' dir='ltr'><strong>tarum</strong></span> <span class='ocrx_word' id='word_1_110' title='bbox 328 1743 366 1786; x_wconf 85' lang='lat' dir='ltr'><strong>ac</strong></span> <span class='ocrx_word' id='word_1_111' title='bbox 392 1726 421 1785; x_wconf 87' lang='lat' dir='ltr'><strong>et</strong></span> <span class='ocrx_word' id='word_1_112' title='bbox 446 1718 681 1804; x_wconf 88' lang='lat' dir='ltr'><strong>particularum</strong></span> <span class='ocrx_word' id='word_1_113' title='bbox 713 1719 895 1784; x_wconf 88' lang='lat' dir='ltr'><strong>barbariem</strong></span> <span class='ocrx_word' id='word_1_114' title='bbox 924 1721 1008 1786; x_wconf 89' lang='lat' dir='ltr'><strong>serio</strong></span> <span class='ocrx_word' id='word_1_115' title='bbox 1037 1724 1178 1790; x_wconf 82' lang='lat' dir='ltr'><strong>suasisse</strong></span> <span class='ocrx_word' id='word_1_116' title='bbox 1205 1730 1238 1792; x_wconf 88' lang='lat' dir='ltr'><strong>et</strong></span> <span class='ocrx_word' id='word_1_117' title='bbox 1266 1749 1339 1793; x_wconf 90' lang='lat' dir='ltr'><strong>con-</strong></span> 
     </span>
     <span class='ocr_line' id='line_1_15' title="bbox 193 1825 1338 1912; baseline 0.007 -20"><span class='ocrx_word' id='word_1_118' title='bbox 193 1829 281 1894; x_wconf 85' lang='lat' dir='ltr'><strong>sulto</strong></span> <span class='ocrx_word' id='word_1_119' title='bbox 310 1827 563 1894; x_wconf 87' lang='lat' dir='ltr'><strong>commendasse.</strong></span> <span class='ocrx_word' id='word_1_120' title='bbox 614 1825 753 1912; x_wconf 80' lang='lat' dir='ltr'><strong>Aegrius</strong></span> <span class='ocrx_word' id='word_1_121' title='bbox 785 1826 918 1892; x_wconf 87' lang='lat' dir='ltr'><strong>ferimus</strong></span> <span class='ocrx_word' id='word_1_122' title='bbox 949 1827 1034 1912; x_wconf 91' lang='lat' dir='ltr'><strong>quod</strong></span> <span class='ocrx_word' id='word_1_123' title='bbox 1065 1830 1099 1896; x_wconf 91' lang='lat' dir='ltr'><strong>in</strong></span> <span class='ocrx_word' id='word_1_124' title='bbox 1131 1833 1338 1900; x_wconf 87' lang='lat' dir='ltr'><strong>evanidarum</strong></span> 
     </span>
     <span class='ocr_line' id='line_1_16' title="bbox 193 1931 1337 2020; baseline 0.006 -20"><span class='ocrx_word' id='word_1_125' title='bbox 193 1935 308 2020; x_wconf 86' lang='lat' dir='ltr'><strong>spatiis</strong></span> <span class='ocrx_word' id='word_1_126' title='bbox 336 1935 521 2000; x_wconf 87' lang='lat' dir='ltr'><strong>litterarum</strong></span> <span class='ocrx_word' id='word_1_127' title='bbox 550 1933 601 1998; x_wconf 84' lang='lat' dir='ltr'><strong>vel</strong></span> <span class='ocrx_word' id='word_1_128' title='bbox 628 1931 800 2017; x_wconf 84' lang='lat' dir='ltr'><strong>pingendis</strong></span> <span class='ocrx_word' id='word_1_129' title='bbox 830 1931 881 1997; x_wconf 86' lang='lat' dir='ltr'><strong>vel</strong></span> <span class='ocrx_word' id='word_1_130' title='bbox 909 1934 1106 2018; x_wconf 79' lang='lat' dir='ltr'><strong>explicandis</strong></span> <span class='ocrx_word' id='word_1_131' title='bbox 1137 1959 1178 2002; x_wconf 92' lang='lat' dir='ltr'><strong>ne</strong></span> <span class='ocrx_word' id='word_1_132' title='bbox 1201 1938 1337 2008; x_wconf 91' lang='lat' dir='ltr'><strong>Momm·</strong></span> 
     </span>
     <span class='ocr_line' id='line_1_17' title="bbox 193 2037 1337 2126; baseline 0.007 -20"><span class='ocrx_word' id='word_1_133' title='bbox 193 2042 326 2108; x_wconf 87' lang='lat' dir='ltr'><strong>seniana</strong></span> <span class='ocrx_word' id='word_1_134' title='bbox 349 2040 479 2126; x_wconf 90' lang='lat' dir='ltr'><strong>quidem</strong></span> <span class='ocrx_word' id='word_1_135' title='bbox 503 2038 674 2125; x_wconf 80' lang='lat' dir='ltr'><strong>diligentia</strong></span> <span class='ocrx_word' id='word_1_136' title='bbox 694 2037 789 2104; x_wconf 89' lang='lat' dir='ltr'><strong>nobis</strong></span> <span class='ocrx_word' id='word_1_137' title='bbox 810 2038 981 2116; x_wconf 47' lang='lat' dir='ltr'><strong>satisbcit:</strong></span> <span class='ocrx_word' id='word_1_138' title='bbox 999 2041 1089 2106; x_wconf 77' lang='lat' dir='ltr'><strong>unde</strong></span> <span class='ocrx_word' id='word_1_139' title='bbox 1108 2045 1337 2114; x_wconf 86' lang='lat' dir='ltr'><strong>existimabitis</strong></span> 
     </span>
     <span class='ocr_line' id='line_1_18' title="bbox 192 2141 1336 2234; baseline 0.004 -19"><span class='ocrx_word' id='word_1_140' title='bbox 192 2171 287 2234; x_wconf 87' lang='lat' dir='ltr'><strong>quam</strong></span> <span class='ocrx_word' id='word_1_141' title='bbox 310 2171 378 2214; x_wconf 90' lang='lat' dir='ltr'><strong>non</strong></span> <span class='ocrx_word' id='word_1_142' title='bbox 400 2149 469 2212; x_wconf 87' lang='lat' dir='ltr'><strong>sine</strong></span> <span class='ocrx_word' id='word_1_143' title='bbox 493 2168 608 2212; x_wconf 85' lang='lat' dir='ltr'><strong>caussa</strong></span> <span class='ocrx_word' id='word_1_144' title='bbox 631 2146 669 2210; x_wconf 89' lang='lat' dir='ltr'><strong>dc</strong></span> <span class='ocrx_word' id='word_1_145' title='bbox 692 2141 755 2210; x_wconf 90' lang='lat' dir='ltr'><strong>hoc</strong></span> <span class='ocrx_word' id='word_1_146' title='bbox 778 2165 894 2230; x_wconf 84' lang='lat' dir='ltr'><strong>genere</strong></span> <span class='ocrx_word' id='word_1_147' title='bbox 913 2147 1056 2232; x_wconf 82' lang='lat' dir='ltr'><strong>graviter</strong></span> <span class='ocrx_word' id='word_1_148' title='bbox 1078 2150 1119 2214; x_wconf 86' lang='lat' dir='ltr'><strong>ab</strong></span> <span class='ocrx_word' id='word_1_149' title='bbox 1139 2151 1233 2218; x_wconf 88' lang='lat' dir='ltr'><strong>initio</strong></span> <span class='ocrx_word' id='word_1_150' title='bbox 1252 2175 1336 2220; x_wconf 91' lang='lat' dir='ltr'><strong>com-</strong></span> 
     </span>
     <span class='ocr_line' id='line_1_19' title="bbox 191 2253 1337 2340; baseline 0.003 -17"><span class='ocrx_word' id='word_1_151' title='bbox 191 2256 421 2322; x_wconf 89' lang='lat' dir='ltr'><strong>monuerimus.</strong></span> <span class='ocrx_word' id='word_1_152' title='bbox 453 2254 598 2319; x_wconf 92' lang='lat' dir='ltr'><strong>Primum</strong></span> <span class='ocrx_word' id='word_1_153' title='bbox 622 2254 707 2318; x_wconf 88' lang='lat' dir='ltr'><strong>enim</strong></span> <span class='ocrx_word' id='word_1_154' title='bbox 732 2275 803 2318; x_wconf 90' lang='lat' dir='ltr'><strong>cum</strong></span> <span class='ocrx_word' id='word_1_155' title='bbox 826 2253 860 2317; x_wconf 90' lang='lat' dir='ltr'><strong>in</strong></span> <span class='ocrx_word' id='word_1_156' title='bbox 884 2253 1019 2340; x_wconf 82' lang='lat' dir='ltr'><strong>singulis</strong></span> <span class='ocrx_word' id='word_1_157' title='bbox 1043 2259 1190 2324; x_wconf 87' lang='lat' dir='ltr'><strong>versibus</strong></span> <span class='ocrx_word' id='word_1_158' title='bbox 1209 2262 1337 2327; x_wconf 88' lang='lat' dir='ltr'><strong>circiter</strong></span> 
     </span>
     <span class='ocr_line' id='line_1_20' title="bbox 191 2359 1335 2451; baseline 0.006 -23"><span class='ocrx_word' id='word_1_159' title='bbox 191 2363 288 2429; x_wconf 88' lang='lat' dir='ltr'><strong>denas</strong></span> <span class='ocrx_word' id='word_1_160' title='bbox 311 2363 441 2428; x_wconf 88' lang='lat' dir='ltr'><strong>litteras</strong></span> <span class='ocrx_word' id='word_1_161' title='bbox 460 2361 594 2426; x_wconf 85' lang='lat' dir='ltr'><strong>detritas</strong></span> <span class='ocrx_word' id='word_1_162' title='bbox 613 2359 701 2444; x_wconf 87' lang='lat' dir='ltr'><strong>dicit,</strong></span> <span class='ocrx_word' id='word_1_163' title='bbox 724 2360 757 2424; x_wconf 91' lang='lat' dir='ltr'><strong>id</strong></span> <span class='ocrx_word' id='word_1_164' title='bbox 776 2381 841 2424; x_wconf 90' lang='lat' dir='ltr'><strong>non</strong></span> <span class='ocrx_word' id='word_1_165' title='bbox 860 2359 941 2426; x_wconf 88' lang='lat' dir='ltr'><strong>satis</strong></span> <span class='ocrx_word' id='word_1_166' title='bbox 961 2363 1154 2447; x_wconf 90' lang='lat' dir='ltr'><strong>perspicitur</strong></span> <span class='ocrx_word' id='word_1_167' title='bbox 1175 2369 1335 2451; x_wconf 90' lang='lat' dir='ltr'><strong>quomodo</strong></span> 
     </span>
     <span class='ocr_line' id='line_1_21' title="bbox 189 2467 1336 2558; baseline 0.004 -22"><span class='ocrx_word' id='word_1_168' title='bbox 189 2471 222 2536; x_wconf 91' lang='lat' dir='ltr'><strong>in</strong></span> <span class='ocrx_word' id='word_1_169' title='bbox 245 2471 349 2556; x_wconf 89' lang='lat' dir='ltr'><strong>ipsius</strong></span> <span class='ocrx_word' id='word_1_170' title='bbox 374 2469 599 2555; x_wconf 90' lang='lat' dir='ltr'><strong>supplementa</strong></span> <span class='ocrx_word' id='word_1_171' title='bbox 622 2467 765 2553; x_wconf 85' lang='lat' dir='ltr'><strong>quadret,</strong></span> <span class='ocrx_word' id='word_1_172' title='bbox 790 2489 927 2552; x_wconf 91' lang='lat' dir='ltr'><strong>quorum</strong></span> <span class='ocrx_word' id='word_1_173' title='bbox 950 2469 1075 2534; x_wconf 89' lang='lat' dir='ltr'><strong>nullum</strong></span> <span class='ocrx_word' id='word_1_174' title='bbox 1100 2475 1149 2536; x_wconf 90' lang='lat' dir='ltr'><strong>est</strong></span> <span class='ocrx_word' id='word_1_175' title='bbox 1172 2474 1256 2558; x_wconf 92' lang='lat' dir='ltr'><strong>quod</strong></span> <span class='ocrx_word' id='word_1_176' title='bbox 1279 2497 1336 2542; x_wconf 88' lang='lat' dir='ltr'><strong>uo-</strong></span> 
     </span>
     <span class='ocr_line' id='line_1_22' title="bbox 189 2575 1336 2659; baseline 0.006 -18"><span class='ocrx_word' id='word_1_177' title='bbox 189 2579 357 2644; x_wconf 82' lang='lat' dir='ltr'><strong>venarium</strong></span> <span class='ocrx_word' id='word_1_178' title='bbox 380 2597 550 2641; x_wconf 88' lang='lat' dir='ltr'><strong>numerum</strong></span> <span class='ocrx_word' id='word_1_179' title='bbox 573 2575 757 2639; x_wconf 86' lang='lat' dir='ltr'><strong>litterarum</strong></span> <span class='ocrx_word' id='word_1_180' title='bbox 782 2577 926 2658; x_wconf 80' lang='lat' dir='ltr'><strong>superet,</strong></span> <span class='ocrx_word' id='word_1_181' title='bbox 955 2575 1108 2659; x_wconf 88' lang='lat' dir='ltr'><strong>pleraque</strong></span> <span class='ocrx_word' id='word_1_182' title='bbox 1136 2577 1186 2642; x_wconf 87' lang='lat' dir='ltr'><strong>vel</strong></span> <span class='ocrx_word' id='word_1_183' title='bbox 1210 2580 1336 2648; x_wconf 87' lang='lat' dir='ltr'><strong>abhoc</strong></span> 
     </span>
     <span class='ocr_line' id='line_1_23' title="bbox 187 2679 1336 2768; baseline 0.002 -18"><span class='ocrx_word' id='word_1_184' title='bbox 187 2706 323 2750; x_wconf 88' lang='lat' dir='ltr'><strong>numero</strong></span> <span class='ocrx_word' id='word_1_185' title='bbox 349 2683 476 2768; x_wconf 87' lang='lat' dir='ltr'><strong>aliquot</strong></span> <span class='ocrx_word' id='word_1_186' title='bbox 496 2683 614 2747; x_wconf 85' lang='lat' dir='ltr'><strong>litteris</strong></span> <span class='ocrx_word' id='word_1_187' title='bbox 638 2681 769 2746; x_wconf 87' lang='lat' dir='ltr'><strong>distant.</strong></span> <span class='ocrx_word' id='word_1_188' title='bbox 805 2679 879 2746; x_wconf 92' lang='lat' dir='ltr'><strong>Non</strong></span> <span class='ocrx_word' id='word_1_189' title='bbox 904 2681 1008 2767; x_wconf 84' lang='lat' dir='ltr'><strong>magis</strong></span> <span class='ocrx_word' id='word_1_190' title='bbox 1032 2687 1141 2749; x_wconf 88' lang='lat' dir='ltr'><strong>autem</strong></span> <span class='ocrx_word' id='word_1_191' title='bbox 1164 2684 1336 2753; x_wconf 86' lang='lat' dir='ltr'><strong>dubitatio·</strong></span> 
     </span>
     <span class='ocr_line' id='line_1_24' title="bbox 185 2787 1334 2880; baseline 0.003 -24"><span class='ocrx_word' id='word_1_192' title='bbox 185 2814 258 2856; x_wconf 91' lang='lat' dir='ltr'><strong>nem</strong></span> <span class='ocrx_word' id='word_1_193' title='bbox 283 2789 505 2874; x_wconf 88' lang='lat' dir='ltr'><strong>interpunctio</strong></span> <span class='ocrx_word' id='word_1_194' title='bbox 529 2789 585 2853; x_wconf 88' lang='lat' dir='ltr'><strong>illa</strong></span> <span class='ocrx_word' id='word_1_195' title='bbox 608 2787 729 2871; x_wconf 79' lang='lat' dir='ltr'><strong>eximit,</strong></span> <span class='ocrx_word' id='word_1_196' title='bbox 752 2809 816 2871; x_wconf 89' lang='lat' dir='ltr'><strong>qua</strong></span> <span class='ocrx_word' id='word_1_197' title='bbox 838 2787 966 2852; x_wconf 88' lang='lat' dir='ltr'><strong>litteras</strong></span> <span class='ocrx_word' id='word_1_198' title='bbox 989 2789 1113 2855; x_wconf 86' lang='lat' dir='ltr'><strong>lacunis</strong></span> <span class='ocrx_word' id='word_1_199' title='bbox 1137 2791 1177 2856; x_wconf 86' lang='lat' dir='ltr'><strong>ab</strong></span> <span class='ocrx_word' id='word_1_200' title='bbox 1199 2797 1334 2880; x_wconf 88' lang='lat' dir='ltr'><strong>utraque</strong></span> 
     </span>
     <span class='ocr_line' id='line_1_25' title="bbox 181 2893 1335 2988; baseline 0.003 -24"><span class='ocrx_word' id='word_1_201' title='bbox 181 2902 276 2983; x_wconf 88' lang='lat' dir='ltr'><strong>parte</strong></span> <span class='ocrx_word' id='word_1_202' title='bbox 305 2897 473 2981; x_wconf 83' lang='lat' dir='ltr'><strong>proximas</strong></span> <span class='ocrx_word' id='word_1_203' title='bbox 500 2896 637 2961; x_wconf 83' lang='lat' dir='ltr'><strong>notavit</strong></span> <span class='ocrx_word' id='word_1_204' title='bbox 682 2893 775 2959; x_wconf 89' lang='lat' dir='ltr'><strong>Hanc</strong></span> <span class='ocrx_word' id='word_1_205' title='bbox 804 2895 890 2960; x_wconf 91' lang='lat' dir='ltr'><strong>enim</strong></span> <span class='ocrx_word' id='word_1_206' title='bbox 918 2896 1076 2961; x_wconf 86' lang='lat' dir='ltr'><strong>rationem</strong></span> <span class='ocrx_word' id='word_1_207' title='bbox 1107 2897 1134 2962; x_wconf 94' lang='lat' dir='ltr'><strong>si</strong></span> <span class='ocrx_word' id='word_1_208' title='bbox 1163 2901 1335 2988; x_wconf 87' lang='lat' dir='ltr'><strong>sequimur,</strong></span> 
     </span>
     <span class='ocr_line' id='line_1_26' title="bbox 179 3001 1334 3092; baseline 0.006 -23"><span class='ocrx_word' id='word_1_209' title='bbox 179 3005 373 3070; x_wconf 87' lang='lat' dir='ltr'><strong>litterarum</strong></span> <span class='ocrx_word' id='word_1_210' title='bbox 397 3003 525 3068; x_wconf 91' lang='lat' dir='ltr'><strong>ordines</strong></span> <span class='ocrx_word' id='word_1_211' title='bbox 548 3003 582 3068; x_wconf 90' lang='lat' dir='ltr'><strong>in</strong></span> <span class='ocrx_word' id='word_1_212' title='bbox 606 3001 744 3087; x_wconf 82' lang='lat' dir='ltr'><strong>singulis</strong></span> <span class='ocrx_word' id='word_1_213' title='bbox 763 3001 909 3066; x_wconf 89' lang='lat' dir='ltr'><strong>versibus</strong></span> <span class='ocrx_word' id='word_1_214' title='bbox 931 3003 1042 3068; x_wconf 87' lang='lat' dir='ltr'><strong>subter</strong></span> <span class='ocrx_word' id='word_1_215' title='bbox 1065 3025 1135 3070; x_wconf 88' lang='lat' dir='ltr'><strong>sese</strong></span> <span class='ocrx_word' id='word_1_216' title='bbox 1154 3008 1334 3092; x_wconf 86' lang='lat' dir='ltr'><strong>positarum</strong></span> 
     </span>
     <span class='ocr_line' id='line_1_27' title="bbox 176 3108 787 3195; baseline -0.011 -16"><span class='ocrx_word' id='word_1_217' title='bbox 176 3112 242 3178; x_wconf 89' lang='lat' dir='ltr'><strong>hoc</strong></span> <span class='ocrx_word' id='word_1_218' title='bbox 266 3109 422 3194; x_wconf 86' lang='lat' dir='ltr'><strong>exemplo</strong></span> <span class='ocrx_word' id='word_1_219' title='bbox 445 3109 596 3195; x_wconf 87' lang='lat' dir='ltr'><strong>descripti</strong></span> <span class='ocrx_word' id='word_1_220' title='bbox 620 3108 787 3194; x_wconf 89' lang='lat' dir='ltr'><strong>prodeunt.</strong></span> 
     </span>
    </p>
   </div>
   <div class='ocr_carea' id='block_1_7' title="bbox 374 3283 1145 4420">
    <p class='ocr_par' dir='ltr' id='par_1_7' title="bbox 374 3283 1145 4420">
     <span class='ocr_line' id='line_1_28' title="bbox 472 3283 1074 3354; baseline 0.007 -4"><span class='ocrx_word' id='word_1_221' title='bbox 472 3283 1074 3354; x_wconf 70' lang='lat' dir='ltr'><strong>urcvrlsauxms</strong></span> 
     </span>
     <span class='ocr_line' id='line_1_29' title="bbox 388 3391 1118 3460; baseline 0.005 -4"><span class='ocrx_word' id='word_1_222' title='bbox 388 3393 428 3457; x_wconf 92' lang='lat'><strong>10</strong></span> <span class='ocrx_word' id='word_1_223' title='bbox 476 3391 601 3458; x_wconf 79' lang='lat' dir='ltr'><strong>uno</strong></span> <span class='ocrx_word' id='word_1_224' title='bbox 648 3444 655 3457; x_wconf 93' lang='lat'><strong>.</strong></span> <span class='ocrx_word' id='word_1_225' title='bbox 706 3393 1118 3460; x_wconf 76' lang='lat' dir='ltr'><strong>....ouievs</strong></span> 
     </span>
     <span class='ocr_line' id='line_1_30' title="bbox 374 3497 1145 3568; baseline 0.005 -4"><span class='ocrx_word' id='word_1_226' title='bbox 374 3499 379 3508; x_wconf 91' lang='lat'><strong>·</strong></span> <span class='ocrx_word' id='word_1_227' title='bbox 475 3497 535 3564; x_wconf 88' lang='lat' dir='ltr'><strong>n.</strong></span> <span class='ocrx_word' id='word_1_228' title='bbox 647 3551 769 3566; x_wconf 91' lang='lat'><strong>...</strong></span> <span class='ocrx_word' id='word_1_229' title='bbox 817 3499 1145 3568; x_wconf 77' lang='lat' dir='ltr'><strong>..nuouvu</strong></span> 
     </span>
     <span class='ocr_line' id='line_1_31' title="bbox 470 3605 1078 3674; baseline 0.002 -3"><span class='ocrx_word' id='word_1_230' title='bbox 470 3606 545 3672; x_wconf 79' lang='lat' dir='ltr'><strong>us</strong></span> <span class='ocrx_word' id='word_1_231' title='bbox 586 3655 925 3672; x_wconf 93' lang='grc'><strong>.......</strong></span> <span class='ocrx_word' id='word_1_232' title='bbox 950 3605 1078 3674; x_wconf 83' lang='lat' dir='ltr'>MIHI</span> 
     </span>
     <span class='ocr_line' id='line_1_32' title="bbox 514 3711 979 3778; baseline 0.002 -1"><span class='ocrx_word' id='word_1_233' title='bbox 514 3713 603 3778; x_wconf 73' lang='lat' dir='ltr'><strong>rr</strong></span> <span class='ocrx_word' id='word_1_234' title='bbox 642 3763 871 3778; x_wconf 92' lang='lat'><strong>.....</strong></span> <span class='ocrx_word' id='word_1_235' title='bbox 907 3711 979 3778; x_wconf 75' lang='lat' dir='ltr'><strong>uu</strong></span> 
     </span>
     <span class='ocr_line' id='line_1_33' title="bbox 429 3819 1106 3902; baseline 0.003 -16"><span class='ocrx_word' id='word_1_236' title='bbox 429 3819 1106 3902; x_wconf 55' lang='lat' dir='ltr'><strong>,oouuc....1n1rs</strong></span> 
     </span>
     <span class='ocr_line' id='line_1_34' title="bbox 389 3925 1116 3994; baseline 0.006 -5"><span class='ocrx_word' id='word_1_237' title='bbox 389 3925 429 3989; x_wconf 84' lang='lat'><strong>15</strong></span> <span class='ocrx_word' id='word_1_238' title='bbox 482 3925 647 3992; x_wconf 79' lang='lat' dir='ltr'><strong>sss.</strong></span> <span class='ocrx_word' id='word_1_239' title='bbox 700 3927 1116 3994; x_wconf 79' lang='lat' dir='ltr'><strong>.....s1nvs</strong></span> 
     </span>
     <span class='ocr_line' id='line_1_35' title="bbox 474 4033 1095 4100; baseline 0.003 -2"><span class='ocrx_word' id='word_1_240' title='bbox 474 4033 1095 4100; x_wconf 75' lang='lat' dir='ltr'><strong>uscos....ussn</strong></span> 
     </span>
     <span class='ocr_line' id='line_1_36' title="bbox 476 4130 1075 4208; baseline 0.008 -5"><span class='ocrx_word' id='word_1_241' title='bbox 476 4130 871 4206; x_wconf 73' lang='lat' dir='ltr'><strong>rvssruc.</strong></span> <span class='ocrx_word' id='word_1_242' title='bbox 917 4141 1075 4208; x_wconf 75' lang='lat' dir='ltr'><strong>mus</strong></span> 
     </span>
     <span class='ocr_line' id='line_1_37' title="bbox 475 4245 1021 4323; baseline 0 -11"><span class='ocrx_word' id='word_1_243' title='bbox 475 4245 1021 4323; x_wconf 82' lang='lat' dir='ltr'><strong>ov1nr....uu</strong></span> 
     </span>
     <span class='ocr_line' id='line_1_38' title="bbox 473 4351 999 4420; baseline 0.004 -4"><span class='ocrx_word' id='word_1_244' title='bbox 473 4351 999 4420; x_wconf 80' lang='lat' dir='ltr'><strong>uov1.....1r</strong></span> 
     </span>
    </p>
   </div>
   <div class='ocr_carea' id='block_1_8' title="bbox 0 0 1588 5084">
    <p class='ocr_par' dir='ltr' id='par_1_8' title="bbox 0 0 1588 5084">
     <span class='ocr_line' id='line_1_39' title="bbox 0 0 1588 5084; baseline 0 3"><span class='ocrx_word' id='word_1_245' title='bbox 0 0 1588 5084; x_wconf 95' lang='lat' dir='ltr'><strong> </strong></span> 
     </span>
    </p>
   </div>
  </div>
 </body>
</html>
