3246 5074
293 331 358 396 560
525 348 672 397 Palscan
696 348 923 398 LATINITA'IIS
946 346 1205 396 EPIGRAPHIOAE

382 491 476 556 Hane
498 493 600 577 igitur
627 493 665 557 de
694 497 801 558 aetate
831 493 1030 558 monumenti
1054 489 1228 556 Glanensis
1252 491 1438 576 opinionem

292 599 455 663 eum-fere
479 599 639 664 dominari
662 597 817 682 viderem,
842 621 909 664 non
932 598 1135 664 mediocriter
1157 599 1301 664 mirabar
1323 620 1438 682 parum

292 727 386 770 curae
411 706 452 769 ab
476 704 597 770 eisdem
617 705 806 790 antiquariis
829 705 864 770 in
883 728 921 770 ea
939 705 1149 790 inscriptione
1167 705 1321 790 positum,
1341 727 1437 790 quam

291 815 403 877 tamen
436 833 547 877 omnes
579 816 714 878 nossent
741 813 774 876 in
803 812 909 877 media
939 815 1030 896 parte
1060 813 1261 876 monumenti
1289 834 1306 876 e
1333 811 1438 876 tribus

291 919 449 984 tabulatis
469 920 640 1003 compositi
664 941 721 1004 per
745 919 933 1003 epistylium
957 941 1053 984 omne
1076 919 1237 1003 pertinere
1260 917 1438 1004 grandibus

290 1026 411 1090 litteris
430 1030 609 1091 exaratam:
632 1013 714 1110 ¹quae
737 1025 828 1090 ouius
852 1047 922 1089 esse
946 1025 1064 1090 aetatis
1088 1024 1138 1088 vel
1161 1029 1273 1107 posset
1295 1025 1346 1089 vel
1371 1047 1437 1090 non

292 1137 415 1217 posset,
445 1133 570 1206 nemini
594 1133 646 1198 vel
669 1133 704 1198 in
727 1136 867 1197 nientem
895 1132 984 1197 venit
1007 1151 1168 1214 quaerere.
1215 1130 1321 1207 Quid?
1353 1131 1437 1216 quod

251 1313 253 1318 ,
291 1261 331 1306 ne
354 1244 441 1305 recte
465 1240 601 1325 legendo
630 1239 760 1323 quidem
783 1237 1000 1321 vertendoque
1027 1237 1124 1302 titulo
1147 1238 1242 1322 longe
1266 1237 1437 1322 simplicis·

171 1337 179 1354 ’
292 1347 374 1410 simo
399 1347 569 1431 quisquam
594 1369 654 1430 par
677 1345 739 1410 fuit
762 1349 838 1409 ante
861 1344 906 1409 Io.
925 1345 1080 1409 Iacobum
1102 1341 1324 1428 Bartbelemy,
1347 1345 1438 1409 euius
1549 1423 1556 1438 ι

291 1452 371 1518 haee
394 1453 493 1517 verba
516 1474 685 1536 excerpere
708 1451 790 1516 libet
813 1473 830 1514 e
854 1450 1038 1516 ‘Memoires
1066 1451 1105 1515 de
1128 1451 1238 1515 l'acad.
1262 1451 1318 1516 des
1342 1451 1437 1516 inser.

292 1563 325 1622 et
347 1559 448 1624 belles
472 1557 597 1624 lettres’
621 1563 643 1623 t.
661 1556 805 1622 XXVIII
829 1555 872 1644 (a.
893 1555 994 1643 1761)
1017 1580 1049 1642 p.
1067 1557 1141 1642 579,
1164 1558 1284 1622 iterata
1306 1558 1341 1622 in
1360 1556 1435 1624 ‘Vo-

290 1673 374 1750 yag'e
397 1688 437 1730 en
460 1664 568 1730 Italie'
591 1688 621 1749 p.
638 1665 701 1730 331
728 1665 774 1730 ed.
798 1688 826 1729 a.
849 1665 930 1730 1801
956 1663 1008 1728 vel
1031 1687 1061 1748 p.
1080 1664 1145 1729 336
1170 1663 1218 1728 ed.
1241 1686 1268 1728 a.
1287 1663 1380 1746 1802,
1403 1664 1436 1728 in

291 1773 419 1838 brevius
443 1775 610 1838 eontracta
625 1772 767 1857 Operum
786 1771 881 1856 tIII,
901 1773 922 1836 2
944 1795 973 1856 p.
988 1771 1055 1836 465
1079 1771 1125 1836 ed.
1146 1793 1173 1835 a
1192 1771 1290 1836 1821:
1315 1768 1436 1835 ‘Douze

291 1880 440 1963 opinions
464 1877 686 1966 differentes*)
716 1881 807 1944 n'ont
829 1886 873 1961 ptl
896 1879 976 1942 fixer
999 1899 1114 1943 encore
1137 1877 1170 1942 la
1193 1877 1288 1964 lacon
1308 1876 1354 1964 ,de
1376 1877 1436 1941 lire

291 2007 352 2049 une
375 1987 567 2070 inscription
586 1988 693 2052 traete
713 2009 768 2050 sur
785 1986 819 2050 la
837 1985 915 2050 friso
934 1985 976 2050 du
995 1985 1169 2068 mausole'e,
1190 2006 1286 2068 poree
1305 1985 1436 2068 qu’elles

248 2117 280 2156 vr
291 2092 414 2156 etoient
435 2097 543 2158 toutes
566 2093 700 2157 fondees
724 2114 779 2157 sur
802 2092 850 2157 lea
870 2092 977 2176 copies
996 2091 1140 2156 infideles
1161 2089 1256 2175 qu'on
1275 2113 1313 2155 en
1334 2091 1436 2156 avoit:

292 2198 377 2264 voiei
400 2199 433 2264 la
455 2201 628 2283 treizieme‚
651 2203 684 2264 et
703 2200 785 2283 J'ose
808 2198 877 2263 dire
900 2198 941 2266 la¹
956 2198 1124 2283 ve‘ritable,

399 2357 1329 2424 SEX·L·M·IVLIEI·C·F·PARENTIBVS·SVEIS

291 2517 410 2602 Seciae,
433 2519 559 2604 hictus,
581 2521 721 2604 Marcus,
745 2525 811 2585 tous
834 2513 909 2586 trois
930 2521 982 2602 fils
1004 2521 1040 2584 da
1059 2518 1155 2584 Caius
1172 2518 1291 2598 Julius,
1312 2519 1334 2582 d
1355 2519 1436 2584 terrra

284 2625 422 2706 pareres?
458 2625 527 2692 Nec
549 2627 726 2712 recipiendi
750 2629 838 2692 tituli
862 2627 962 2692 aliam
986 2648 1133 2691 caussam
1158 2624 1298 2692 Orellius
1321 2649 1353 2692 n.
1369 2627 1433 2691 201

289 2731 420 2816 habuit,
451 2734 514 2798 uisi
542 2734 631 2820 ‘quia
659 2736 743 2800 inter
771 2735 915 2800 eruditos
944 2733 1056 2800 Gallos
1090 2733 1272 2799 celebratur
1301 2738 1436 2818 propter

290 2839 457 2905 duodecim
491 2842 663 2908 minimum
690 2843 973 2926 interpretationes
1001 2842 1145 2906 diversas
1176 2843 1435 2926 quas0expertus

290 2944 361 3010 est'
407 2945 558 3012 Ceterum
585 2949 619 3012 in
641 2947 913 3032 repraesentanda
940 2949 1151 3032 inscriptione
1175 2946 1315 3012 Orellius
1345 2951 1434 3013 totus

293 3117 501 3125 .—..-——.-

252 3279 256 3286 Ι
379 3213 407 3280 *)
426 3211 515 3267 Nemo
543 3212 692 3268 ioculariue
720 3211 862 3268 Moreavio
894 3212 912 3267 l.
938 3231 958 3267 s.
983 3231 1004 3268 s.
1035 3213 1084 3282 qui
1117 3212 1157 3267 sio
1183 3211 1433 3282 interpretabatur:

290 3289 401 3370 [earm]
419 3301 532 3357 Sextius
550 3301 663 3368 Laetus,
684 3303 810 3357 Maritus
825 3301 943 3370 lult(o)e
963 3301 1204 3369 Incomparatr'lia,
1225 3300 1340 3355 (iurauit
1353 3299 1435 3356 Feri

292 3388 459 3446 Parentibus
478 3390 551 3446 Suis.
585 3391 645 3456 Quo
664 3390 759 3461 paullo
778 3389 878 3444 saltem
898 3387 992 3444 sanius
1006 3387 1174 3442 Labordiue:
1194 3387 1295 3443 Sextus
1313 3394 1337 3443 et
1353 3389 1434 3443 Mor·

290 3491 338 3532 orta
352 3478 426 3532 latii
444 3485 608 3534 creauerunt
626 3480 784 3546 faciendam
797 3478 963 3547 pareatibus
981 3479 1052 3531 auis:
1072 3495 1156 3546 qnam
1173 3477 1434 3548 interpretationem

290 3565 419 3622 nimirum
446 3569 607 3624 emendavit
634 3551 801 3624 Merimaoui
834 3567 993 3623 substitutis
1025 3571 1189 3622 curaverunt
1217 3567 1279 3634 fieri
1310 3567 1433 3623 vocibus.

290 3653 465 3724 Quemquam
486 3657 553 3726 quid
571 3657 622 3712 hos
641 3657 813 3727 mirabimur,
832 3657 856 3712 ei
873 3656 920 3712 vel
933 3655 1059 3711 Millinue
1076 3656 1168 3712 tacere
1187 3673 1242 3711 nou
1259 3655 1353 3726 potnit
1366 3655 1434 3726 quin

275 3743 477 3816 0Barthelemyi
505 3745 728 3815 interpretationi
754 3747 826 3800 hanc
849 3744 1027 3800 Fisohianam
1056 3747 1210 3815 opponeret
1236 3747 1268 3799 ut
1295 3743 1433 3799 diversam

288 3851 314 3904 p.
329 3840 394 3889 398:
421 3835 485 3890 ‘Les
504 3835 628 3901 ruziae,
653 3836 767 3903 Sextus,
785 3835 891 3890 Lauro
909 3839 934 3890 et
954 3834 1085 3900 Marcus,
1109 3835 1154 3901 tila
1172 3833 1205 3888 de
1224 3833 1309 3888 Caius
1328 3833 1434 3895 Julius,

288 3923 305 3976 ci
324 3925 396 3978 leura
410 3925 525 3994 pareru’
550 3925 604 3980 hoo
623 3925 736 3995 quidem
754 3924 860 3980 indicio
878 3923 1005 3979 subiecto
1030 3923 1070 3978 ‘la
1093 3925 1225 3979 tournnre
1251 3921 1338 3978 seruit
1356 3921 1434 3976 diffe-

287 4015 374 4081 rente,
393 4013 465 4070 mais
484 4015 510 4070 le
529 4031 592 4070 sene
611 4017 654 4070 e‘st
672 4013 698 4070 le
717 4013 828 4069 meme)
863 4015 894 4068 In
912 4013 1032 4084 legendo
1051 4014 1146 4068 autem
1165 4011 1433 4080 transcribendoque

286 4103 371 4158 titulo
395 4121 458 4158 curn
482 4104 539 4158 iem
562 4104 635 4174 apud
655 4103 805 4158 Gruterum
830 4101 872 4158 bia
894 4103 1041 4172 peccatum
1065 4101 1139 4156 esset
1156 4119 1183 4171 p.
1204 4107 1264 4168 ⁵131,
1290 4106 1322 4155 10
1342 4103 1433 4168 etti,

287 4193 382 4247 tamen
405 4193 481 4249 haud
505 4193 562 4248 seio
586 4209 621 4247 au
640 4191 756 4248 levitate
780 4194 886 4248 eeteros
904 4191 1025 4246 Graecus
1047 4191 1132 4247 horno
1151 4189 1295 4260 Lysander
1318 4189 1433 4246 Kottan-

287 4279 384 4350 gioglu
399 4285 445 4349 (an
460 4281 695 4352 Kastangioglut)
715 4282 888 4351 superaverit
905 4281 959 4336 boo
978 4281 1122 4351 proposito
1142 4279 1270 4348 exemplo
1288 4279 1317 4332 in
1334 4277 1432 4333 Annal.

287 4367 354 4422 luet.
382 4369 457 4425 arch.
481 4371 559 4426 Rom.
586 4373 606 4425 t
626 4369 651 4424 X
680 4372 718 4438 (a
741 4373 825 4438 1838)
853 4387 879 4439 p.
900 4375 964 4424 101:
998 4381 1433 4426 snx.u.u.1vn1au.r.o.r.

287 4469 484 4516 amauricus.
505 4473 574 4514 evis.
