3216 5082
324 409 388 473 518
554 423 700 470 sursera
724 420 948 469 uarrurrnrrs
973 419 1231 498 srmaarurcsa

276 586 311 626 11
325 572 377 632 sat
400 569 488 632 certo
513 569 703 652 argumento
727 569 785 629 est.
830 565 1003 628 Praeterea
1026 586 1108 648 quae
1132 562 1236 627 adhue
1260 562 1481 626 innotuerunt

324 676 515 740 Latinorum
544 674 763 759 antiquiorum
791 671 905 737 fictilia
936 672 1083 736 litterata
1116 661 1196 734 satis
1229 671 1361 734 constat
1388 668 1480 732 cirea

326 783 465 848 confinia
488 780 575 846 Latii
603 784 636 844 et
658 779 808 844 Etruriae
837 781 966 862 reperta
993 798 1063 841 esse
1094 778 1216 842 omnia:
1249 772 1479 858 eOampania

326 889 452 955 nullum
476 886 560 972 quod
580 887 719 952 sciamus
738 875 867 970 praeter
884 884 946 948 hoc
965 884 1072 967 ipsum
1093 883 1230 967 prodiit,
1252 881 1317 946 nisi
1335 881 1422 946 forte
1441 881 1479 943 in

327 996 395 1061 eius
419 995 607 1060 societatem
630 993 773 1058 notabile
797 992 1017 1077 fragmentum
1040 990 1143 1054 musei
1164 987 1369 1055 Kireheriani
1393 986 1478 1050 illud

328 1101 488 1167 adsciscas
513 1100 597 1184 quod
621 1100 656 1164 in
675 1100 709 1165 P.
728 1099 763 1163 L.
781 1097 825 1162 M.
843 1097 881 1163 Ε.
904 1097 970 1162 tab.
984 1096 1014 1160 X
1028 1097 1069 1160 H
1087 1100 1121 1161 et
1143 1097 1276 1182 propius
1301 1095 1477 1160 adrerum

327 1207 442 1272 Enarr.
462 1229 493 1289 p.
511 1206 570 1269 101
596 1205 662 1270 ima
677 1205 789 1288 [supra
807 1227 837 1288 p.
852 1204 930 1284 290]
951 1203 1276 1288 repraesentavimus,
1300 1201 1392 1267 cuius
1407 1201 1478 1284 qui·

328 1315 401 1378 dem
425 1313 517 1396 origo
540 1311 710 1395 ignoratur
734 1308 783 1390 [O.
801 1309 826 1375 Ι.
845 1309 879 1375 L.
902 1309 918 1372 I
941 1309 1076 1391 ιι.166].
1115 1308 1176 1374 Sed
1195 1309 1304 1374 dehis
1323 1308 1477 1374 omnibus

312 1419 459 1486 uberius
488 1439 522 1481 se
549 1418 656 1501 ipsum
680 1417 920 1500 disputaturum
948 1415 990 1480 in·
1005 1415 1165 1482 Gerhardi
1188 1416 1299 1481 diariis
1323 1416 1478 1481 archace-
1575 1449 1576 1464 ι

329 1523 444 1609 logicis
468 1521 673 1588 Detlefsenus
697 1522 908 1608 significavit,
932 1527 969 1588 ut
991 1523 1085 1589 nobis
1110 1523 1238 1608 quidem
1261 1523 1294 1586 in
1320 1545 1385 1588 uno
1404 1543 1477 1588 esse
1575 1507 1576 1512 ἵ

330 1629 424 1695 Atilii
442 1629 652 1714 praenomine
671 1629 912 1696 subsistendum
930 1630 1087 1694 videatur.
1115 1627 1214 1694 (iuius
1233 1635 1345 1694 notam
1365 1633 1477 1694 utrum

227 1821 229 1826 Ι
330 1737 362 1802 Η
386 1760 428 1802 an
451 1737 481 1803 K
505 1737 607 1822 dicas,
635 1737 728 1802 valde
753 1757 823 1801 esse
851 1735 1040 1821 ambiguum
1064 1736 1165 1802 video.
1210 1737 1256 1801 Et
1279 1737 1383 1819 ipsam
1409 1736 1477 1820 qui·

330 1846 403 1909 dem
426 1845 564 1930 figuram
588 1845 616 1908 si
640 1843 849 1928 spectamus,
878 1842 1044 1907 fatendum
1074 1845 1123 1908 est
1151 1843 1319 1928 aliquanto
1342 1843 1479 1926 propius

251 2013 255 2021 .
330 1952 420 2016 illam
444 1950 484 2015 ad
507 1949 539 2012 H
561 1950 690 2014 litterae
719 1951 858 2034 speeiem
887 1970 958 2014 eam
987 1949 1136 2014 accedere
1165 1973 1262 2036 quam
1284 1949 1396 2034 paucis
1422 1949 1478 2014 sed

331 2055 452 2122 eisdem
484 2055 581 2121 certis
614 2055 770 2140 exemplis
804 2057 977 2121 ostendant
1009 2057 1133 2140 aliquot
1167 2056 1292 2121 nummi
1322 2055 1478 2121 Hatriani

332 2161 550 2247 antiquissimi
572 2161 606 2226 P.
629 2161 664 2227 L.
687 2160 731 2226 M.
750 2157 792 2226 Ε.
819 2162 884 2228 tab.
904 2162 943 2228 V.
966 2162 1028 2246 VI,
1060 2163 1139 2228 item
1166 2185 1230 2228 una
1258 2185 1275 2228 e
1303 2162 1479 2248 glandibus
1575 2183 1576 2198 ³

332 2269 512 2335 missilibus
531 2267 697 2354 sauvssl,
712 2268 754 2334 28
775 2265 825 2350 [Ο.
837 2267 863 2333 Ι.
877 2267 913 2332 Ιι.
931 2267 948 2331 I
965 2289 996 2334 n.
1011 2269 1100 2349 670J.
1131 2266 1200 2334 Nec
1215 2269 1313 2352 deest,
1337 2290 1401 2352 quo
1421 2268 1480 2333 illa

332 2377 541 2445 coniectando
561 2376 861 2461 referensreferens
881 2395 1091 2460 praenomen:
1114 2375 1205 2440 cuius
1225 2376 1287 2440 etsi
1306 2375 1385 2440 alibi
1399 2375 1479 2440 haee

332 2489 411 2551 nota
434 2489 484 2549 est
506 2482 599 2549 ΗΕΕ
627 2479 677 2570 (Ρ.
699 2481 734 2547 L.
758 2481 801 2548 M.
824 2483 861 2548 Ε.
886 2487 907 2548 t.
926 2481 958 2545 ll
976 2481 1011 2546 E
1028 2512 1070 2534 =
1089 2480 1260 2548 XCVIIB
1284 2479 1333 2562 [C.
1356 2480 1382 2546 I.
1405 2481 1480 2547 L.I

332 2616 362 2658 n.
382 2587 467 2676 62]),
495 2593 605 2656 tamen
634 2611 728 2674 quem
762 2589 956 2654 admodum
981 2587 1098 2652 elva
1127 2592 1160 2651 et
1185 2585 1273 2652 VEL
1302 2593 1335 2653 et
1358 2587 1419 2653 VO
1448 2593 1480 2654 et
1575 2579 1576 2654 l

332 2691 435 2778 iuxta,
458 2698 591 2762 minime
614 2697 719 2762 vitata
742 2696 970 2780 ambiguitate,
994 2693 1130 2780 simplex
1153 2693 1183 2759 V
1207 2694 1241 2758 in
1259 2717 1319 2760 usu
1338 2695 1480 2778 fuerunt,
1575 2731 1576 2762 l

334 2808 413 2871 item
437 2809 470 2869 ot
494 2801 574 2868 SAL
598 2806 630 2867 et
649 2801 702 2866 SA
726 2807 759 2866 et
778 2799 860 2866 SER
883 2805 916 2866 et
933 2798 1016 2865 SEX
1040 2805 1073 2865 et
1089 2797 1140 2864 SE
1164 2804 1197 2864 et
1220 2800 1316 2865 simul
1341 2802 1479 2887 simplex

335 2911 371 2995 S,
402 2911 450 2976 ita
477 2911 579 2976 multo
608 2911 707 2974 etiam
735 2907 933 2973 commodius
962 2908 1031 2972 fieri
1063 2909 1209 2992 potuisse
1242 2909 1478 2976 concedendum

335 3020 443 3082 estut
466 3015 563 3080 etiam
586 3014 619 3078 H
642 3013 778 3097 simplex
805 3012 1006 3096 probaretur.
1052 3011 1115 3078 Sed
1143 3016 1251 3079 tamen
1278 3017 1388 3081 neseio
1415 3039 1479 3102 quo

335 3128 502 3206 tamquam
525 3121 680 3185 instinctu
703 3139 741 3182 eo
762 3117 859 3182 ducor
882 3121 918 3182 ut
936 3117 1062 3184 facilius
1081 3124 1192 3204 putem
1212 3121 1250 3185 de
1269 3122 1480 3207 neglegenter

335 3228 423 3314 piota
446 3227 476 3292 K
500 3227 609 3292 littera
636 3225 735 3290 etiam
763 3224 832 3289 sine
861 3225 1015 3310 exemplis
1044 3227 1197 3312 eogitari:
1230 3226 1317 3312 quod
1344 3249 1478 3310 praeno·

336 3357 409 3400 men
434 3335 462 3400 si
485 3335 520 3400 in
543 3335 589 3400 eis
613 3355 694 3418 quae
718 3335 891 3416 supersunt
913 3333 1133 3398 monumentis
1157 3333 1293 3399 vetustis
1312 3356 1479 3419 perrarum

336 3447 387 3508 est
409 3439 513 3529 (velut
536 3439 624 3507 NV·
639 3435 818 3505 Fassnlul
833 3475 839 3487 ·
853 3437 884 3502 K
899 3473 905 3486 ·
920 3437 946 3502 F
974 3440 1008 3504 in
1035 3439 1133 3505 titulo
1161 3441 1240 3506 item
1268 3437 1478 3507 Praenestino

336 3551 371 3614 P.
389 3549 425 3614 L.
439 3547 483 3612 M.
496 3547 534 3612 Ε.
557 3547 623 3612 tab.
642 3544 775 3628 XLV,9
800 3543 848 3626 [O.
868 3543 891 3609 Ι.
910 3543 947 3609 L.
970 3544 986 3609 I
1008 3567 1040 3610 ιι.
1057 3542 1201 3631 107])‚a
1239 3547 1347 3613 minus
1371 3571 1477 3614 rarum

338 3657 416 3722 olim
443 3654 543 3719 fuisse
573 3651 677 3736 ipsius
705 3653 876 3717 vetustatis
908 3655 1007 3716 testes
1038 3653 1233 3719 recentiores
1262 3655 1377 3720 docent
1405 3655 1436 3722 h.
1454 3679 1479 3722 e.

338 3763 415 3829 fasti
442 3759 637 3826 consulares.
682 3757 744 3834 Qui
768 3757 829 3823 etsi
856 3780 875 3823 a
903 3759 999 3824 tertio
1027 3760 1235 3844 potissimum
1264 3759 1303 3825 ad
1331 3760 1477 3846 quintum

339 3869 503 3936 saeculum
534 3867 570 3930 in
601 3865 752 3952 gentibus
783 3863 886 3930 Fabia
916 3863 1028 3931 Duilia
1057 3865 1207 3942 Quinctia
1242 3867 1477 3952 frequentatum

339 3977 536 4057 monstrant,
558 3975 667 4038 tamen
690 3995 729 4039 ne
754 3974 845 4038 sexto
869 3971 998 4056 quidem
1022 3971 1102 4038 illud
1125 3995 1259 4056 prorsus
1283 3973 1477 4039 obsolevisse

339 4083 378 4147 K.
398 4079 565 4158 Quinctius
587 4079 789 4145 Flamininus
812 4078 895 4144 Livii
918 4077 1028 4163 XXII,
1047 4079 1089 4144 33
1117 4083 1150 4145 et
1178 4079 1230 4146 Μ’.
1253 4079 1379 4145 Acilius
1402 4077 1437 4144 L.
1458 4081 1476 4144 i.

340 4189 379 4252 K.
397 4211 427 4252 n.
442 4187 565 4252 Balbus
589 4209 652 4252 cos.
676 4209 703 4252 a.
720 4187 785 4252 604
808 4189 1000 4272 argumento
1024 4189 1107 4252 sunt.
1143 4185 1267 4252 Licebit
1289 4186 1391 4270 igitur
1413 4186 1477 4269 opi-

340 4295 453 4360 ficibus
476 4295 587 4360 latinis
615 4293 830 4379 probabiliter
857 4293 921 4357 nisi
945 4291 1088 4358 fallimur
1115 4293 1250 4378 figulum
1273 4290 1477 4358 Caesonem

342 4401 504 4468 Atilium
537 4401 769 4488 Campanum
806 4399 930 4466 sociare
962 4399 1066 4484 quinti
1099 4400 1220 4466 saeculi
1252 4399 1398 4472 exeuntis
1429 4397 1476 4463 rel

340 4510 481 4577 ineuntis
505 4509 598 4576 sexti.
