3282 5076
602 337 856 412 conuaurarro
880 337 993 386 aaron.
1290 321 1352 384 193

205 499 307 544 unum
331 478 424 543 illum
440 477 685 544 Grotefendium
704 484 899 566 sequeretur.
937 479 1028 556 Quod
1052 479 1107 544 ille
1131 480 1283 544 damnum
1303 480 1356 544 vix

207 584 317 669 aliquo
340 585 436 651 modo
460 587 633 652 resarsisse
657 608 694 652 eo
719 587 895 652 censendus
924 591 988 671 est,
1017 587 1101 672 quod
1126 589 1291 670 acceptam
1316 587 1356 652 ab

205 691 319 758 Ocno
343 692 659 759 Ksansaniuuo
684 694 888 759 emendatam
910 693 1082 758 lectionem
1102 693 1270 758 analectis
1293 694 1359 778 epi·

206 798 372 884 graphicis
392 798 501 864 Turici
526 822 553 865 a.
572 801 656 866 1838
680 801 775 866 editis
799 800 945 865 inseruit.
980 797 1184 884 Quamquam
1202 822 1243 864 ne
1262 799 1357 864 huius
1373 817 1397 855 1³

206 905 336 990 quidem
365 908 571 992 quantumvis
604 907 752 992 religiosi
781 907 973 972 scrutatoris
1004 929 1104 990 opera
1138 908 1298 993 praestari
1325 908 1357 972 id

205 1014 314 1098 ipsum
338 1019 469 1098 poterat
492 1037 556 1100 quo
580 1015 629 1080 vel
655 1015 792 1080 maxime
817 1037 898 1110 opus
922 1017 1002 1078 erat.

296 1121 382 1186 Nam
412 1126 449 1188 ut
479 1127 512 1188 et
544 1123 687 1188 breviter
718 1127 750 1188 et
780 1122 924 1208 graviter
956 1121 1074 1186 dicam:
1107 1125 1158 1186 tot
1188 1122 1358 1187 hominum

204 1229 309 1293 tantis
337 1230 422 1295 curis
450 1235 484 1295 et
510 1229 675 1296 laboribus
704 1231 794 1295 nullo
823 1230 918 1294 modo
946 1229 1027 1294 illud
1056 1231 1106 1294 est
1135 1229 1284 1294 effectum
1313 1233 1359 1312 ut,

206 1357 290 1419 quae
314 1337 348 1401 in
371 1336 479 1421 lapide
503 1337 553 1401 vel
577 1338 644 1402 sint
672 1337 724 1402 vel
746 1359 813 1402 non
836 1337 917 1420 sint,
946 1339 979 1401 et
1001 1335 1162 1421 quomodo
1187 1337 1254 1400 sint
1277 1358 1358 1421 quae

205 1446 296 1522 sunt,
326 1465 440 1527 reapse
463 1445 586 1508 sciatur
614 1447 800 1528 certumque
828 1443 1072 1508 fundamentum
1102 1464 1165 1526 quo
1189 1446 1260 1508 tuto
1284 1464 1357 1508 oon·

205 1546 290 1612 fidas
322 1545 482 1632 paratum
501 1551 553 1615 sit.
599 1549 646 1614 Vt
668 1551 736 1615 iure
761 1572 819 1614 suo
843 1550 908 1613 ianr
932 1547 1082 1614 Dukerus
1111 1546 1234 1614 ‘omnes
1263 1550 1365 1614 aliter¹

206 1659 306 1740 atque
330 1658 425 1722 aliter
448 1657 611 1724 exbibere’
635 1663 767 1744 questus
796 1659 841 1722 sit
860 1658 900 1722 ad
924 1656 1064 1721 Florum.
1105 1654 1174 1719 Nec
1198 1656 1283 1720 enim
1307 1657 1358 1720 vel

206 1762 248 1826 de
267 1764 454 1830 mutilorum
478 1765 662 1832 litterarum
686 1765 832 1850 apicibus
855 1765 889 1829 in
908 1783 1070 1828 marmore
1090 1762 1227 1826 servatis
1246 1764 1297 1827 vel
1318 1763 1357 1828 de

205 1869 446 1954 deperditarum
469 1873 601 1940 tabulae
624 1873 769 1958 partium
788 1893 938 1936 mensura
957 1869 1037 1934 satis
1056 1871 1199 1934 constat:
1228 1869 1356 1953 quando

205 1975 246 2040 de
271 1979 451 2062 spatiorum
474 1981 654 2046 rationibus
678 2003 718 2045 ne
732 1979 923 2044 Boherellus
944 1975 1074 2063 quidem
1097 1997 1162 2040 non
1180 1974 1278 2040 fallit.
1312 1975 1358 2040 Et

204 2086 330 2167 tamen,
361 2085 425 2150 nisi
453 2090 624 2171 utrumque
653 2107 754 2170 genus
784 2107 912 2150 summa
939 2106 1013 2148 cum
1044 2104 1120 2148 cura
1143 2081 1280 2146 rimatus
1304 2103 1355 2146 ex-

205 2189 401 2276 ploraveris,
434 2214 500 2258 non
527 2194 649 2278 poterit
676 2193 846 2277 supplendi
880 2214 978 2276 opera
1008 2191 1095 2254 recte
1123 2193 1219 2274 atque
1248 2190 1357 2255 ordine

204 2298 392 2380 procedere:
420 2300 510 2384 prius
539 2305 647 2380 autem
671 2322 768 2384 quam
796 2299 1096 2384 supplementorum
1124 2296 1357 2379 probabilitate

205 2403 296 2468 tituli
319 2404 492 2491 integritas
516 2407 747 2472 reconcinnata
770 2406 826 2489 sit,
853 2427 921 2469 non
949 2403 1025 2468 licet
1048 2403 1135 2468 illius
1160 2405 1300 2466 aetatem
1325 2406 1358 2465 et

187 2509 365 2594 originem
394 2511 447 2576 via
470 2533 507 2576 ao
534 2513 662 2578 ratione
685 2512 865 2596 disceptare
889 2514 934 2588 et,
967 2508 1052 2593 quod
1075 2511 1125 2572 est
1149 2529 1356 2592 consequens,

204 2615 445 2682 consideratum
478 2617 517 2682 de
550 2619 618 2683 eius
652 2618 714 2683 fide
752 2622 785 2682 et
818 2615 1011 2681 auctoritate
1048 2613 1201 2679 iudicium
1235 2612 1357 2678 facere:

206 2743 304 2806 quam
328 2745 397 2788 rem
420 2746 458 2790 eo
481 2725 555 2808 plns
578 2723 699 2790 habere
723 2728 756 2790 et
779 2723 905 2809 gratiae
929 2725 962 2786 et
984 2720 1187 2784 necessitatis
1212 2723 1357 2804 apparet,

205 2849 270 2912 quo
294 2830 436 2894 securius
460 2853 481 2895 a
503 2831 673 2896 columnae
700 2833 862 2896 rostratae
887 2827 1083 2894 testimoniis
1114 2830 1147 2890 et
1167 2827 1357 2912 grammati-

205 2958 277 3002 cam
300 2938 436 3003 latinam
464 2943 498 3002 et
525 2938 697 3005 historiam
725 2938 857 3024 linguae
885 2935 983 3000 ordiri
1012 2935 1158 3019 plerique
1182 2955 1354 2998 consueve-

204 3047 290 3108 runt
335 3045 450 3130 ltaque
474 3047 621 3130 quamvis
646 3046 807 3132 sagaciter
836 3043 966 3128 singula
994 3042 1098 3106 multa
1126 3041 1193 3106 sive
1217 3042 1259 3104 ab
1282 3041 1355 3104 aliis

205 3149 273 3214 sive
293 3173 313 3215 a
330 3150 442 3236 Lipsio
467 3151 672 3235 potissimum
692 3155 725 3214 et
740 3149 911 3216 Oiacconio
931 3149 1117 3232 excogitata
1141 3148 1221 3230 sint,
1245 3153 1355 3212 tamen

204 3257 360 3322 continua
392 3259 589 3324 instauratio
619 3259 707 3323 tituli
739 3257 882 3322 universi
920 3279 957 3320 ex
993 3255 1171 3320 editoribus
1205 3255 1354 3319 omnibus
1487 3267 1493 3278 ·

204 3363 286 3428 nulli
309 3365 355 3430 ita
379 3366 533 3430 successit
555 3371 593 3430 ut
616 3365 696 3428 artis
720 3364 848 3448 legibus
872 3361 952 3426 satis
975 3361 1097 3426 factum
1122 3362 1178 3444 sit,
1205 3361 1354 3444 supplen-

204 3469 300 3554 dique
328 3472 498 3536 conamina
527 3471 566 3536 ad
594 3495 694 3536 unum
722 3471 845 3552 omnia,
877 3472 914 3532 ut
941 3467 975 3532 in
1003 3467 1064 3531 hoc
1094 3467 1287 3550 subsistam·
1317 3489 1354 3531 eo

205 3582 362 3642 corruunt
389 3579 474 3663 quod
502 3579 749 3645 intervallorum
777 3577 919 3640 rationes
947 3595 1012 3638 non
1037 3573 1132 3638 modo
1156 3595 1222 3638 non
1245 3573 1352 3638 obser·

204 3685 300 3748 ratae
324 3685 412 3770 satis,
436 3687 491 3752 sed
513 3685 735 3752 incredibilem
759 3683 792 3747 in
817 3680 949 3745 modum
971 3679 1139 3764 neglectae
1163 3683 1248 3744 sunt.

294 3790 384 3868 Quae
408 3815 481 3858 enm
504 3793 552 3858 ita
574 3797 696 3876 essent,
723 3790 785 3855 hoc
809 3787 970 3874 agendum
1001 3807 1070 3850 esse
1094 3789 1224 3870 praeter
1247 3789 1353 3849 cetera

204 3897 446 3984 intellegebam,
478 3905 516 3964 ut
543 3923 606 3984 qua
634 3903 744 3984 posset
769 3897 828 3960 fide
857 3917 894 3958 ac
917 3893 1074 3976 religione
1103 3893 1143 3955 ad
1168 3891 1352 3974 superstitis

203 4003 321 4086 lapidis
350 4005 593 4071 similitudinem
622 4003 790 4088 inscriptio
819 3999 1006 4084 Capitolina
1033 3999 1136 4063 denuo
1168 4018 1351 4080 repraesen-

203 4113 335 4175 taretur.
386 4113 423 4176 Id
450 4113 551 4196 igitur
579 4111 662 4197 quod
690 4111 756 4174 iam
785 4106 886 4173 videri
919 4109 1028 4188 potest
1059 4105 1092 4168 in
1121 4103 1246 4170 adiecta
1277 4103 1352 4168 hnic

204 4219 471 4286 commentationi
495 4219 608 4284 tabula
632 4218 711 4282 satis
734 4214 948 4301 probabiliter
965 4211 1158 4296 praestitum
1178 4232 1256 4294 esse,
1280 4233 1352 4276 con-

204 4322 322 4388 iunctis
346 4347 418 4389 cunr
443 4329 555 4389 nostra
573 4323 734 4388 industria
753 4327 786 4386 et
803 4318 1004 4404 lithographi
1024 4317 1110 4382 haud
1129 4316 1255 4402 vulgari
1275 4317 1351 4382 arti·

205 4429 278 4494 licio
307 4435 339 4495 et
362 4431 542 4496 Harsalcr
570 4429 747 4494 Bavuuu
780 4427 884 4490 nostri
917 4423 1034 4487 studio·
1056 4422 1206 4488 debetur:
1240 4447 1259 4488 a
1287 4446 1350 4509 qno

259 4553 299 4586 aa.
315 4553 463 4588 urracasnrr
479 4553 611 4590 orvscvar
627 4553 662 4589 rv.
914 4533 921 4546 '
1104 4534 1135 4582 rs
