3216 5082
283 427 330 476 nn
354 427 620 511 nauprasmoua
645 427 791 489 qvansu
815 427 947 475 nimus
971 427 1245 476 oeconomicon.
1290 409 1352 474 461

212 571 342 655 quidam
364 571 487 656 nonin
511 573 672 658 scriptura
694 575 837 658 tantum,
861 572 916 638 sed
940 572 974 636 in
997 572 1070 657 ipsa
1090 571 1205 656 lingua
1223 570 1356 635 mansit:

212 677 266 762 qui
290 683 340 744 est
362 679 530 766 genetivus
550 678 714 746 Corneli.
750 677 836 744 Hine
861 680 947 744 enim
970 678 1051 744 illud
1074 677 1294 762 repetendum,
1317 676 1355 740 de

212 807 274 869 quo
298 787 408 871 magni
431 786 572 851 Bentleii
594 788 714 852 virtute
736 807 821 850 nunc
849 785 934 850 inter
962 806 1073 850 omnes
1096 787 1241 867 constat,
1271 783 1356 868 quod

211 891 489 958 substantivorum
512 893 547 957 in
573 878 635 956 ᾗ
668 896 702 956 et
724 876 803 955 ium
827 891 1042 956 desinentium
1067 892 1251 976 genetivum
1276 889 1356 954 anti·

210 999 304 1082 quior
326 999 440 1084 lingua
457 1019 634 1083 numquam
653 998 760 1062 linivit
777 998 944 1083 geminata
966 999 1004 1076 ii,
1018 987 1083 1062 'sed
1102 1019 1167 1061 una
1185 996 1326 1080 simplici
1344 997 1357 1058 i

210 1105 326 1169 vocali.
366 1104 435 1170 Nee
459 1105 544 1170 enim
567 1104 787 1169 dubitabimus
811 1103 889 1189 quin
913 1103 953 1168 ad
976 1103 1230 1169 masculinorum
1251 1124 1356 1166 exem·

211 1210 302 1293 plum
326 1211 433 1296 prisca
455 1212 602 1278 latinitas
627 1212 725 1277 etiam
743 1215 861 1277 neutra
884 1211 931 1276 sic
949 1210 1153 1276 formaverit:
1176 1209 1355 1276 consilim

211 1315 404 1404 oonsili(s)
437 1319 578 1385 consili
611 1319 804 1384 consilim:
838 1318 902 1382 nisi
931 1317 1017 1402 quod
1045 1319 1080 1382 in
1106 1317 1297 1402 pronomine
1324 1338 1356 1380 m

211 1425 339 1489 litterae
362 1426 447 1490 vices
470 1427 493 1491 d
519 1427 642 1511 littera,
675 1430 712 1491 ut
738 1427 772 1490 in
800 1426 837 1490 id
865 1426 957 1510 quid
985 1425 1083 1509 quod
1112 1425 1210 1490 illud
1238 1423 1356 1508 istud,

211 1531 257 1596 ita
280 1531 315 1595 in
345 1532 424 1596 alid
452 1533 614 1598 sustinuit.
665 1531 851 1616 Eademque
879 1532 976 1615 plane
1004 1553 1068 1616 qua
1095 1533 1170 1597 alis
1199 1531 1278 1596 alid
1305 1553 1357 1595 ra·

210 1637 299 1702 tione
322 1639 355 1703 is
379 1638 430 1722 id,
458 1639 545 1723 quis
574 1638 664 1723 quid
686 1642 856 1722 reguntur,
883 1638 962 1702 item
985 1642 1022 1701 ut
1045 1637 1221 1702 accusativi
1251 1637 1358 1722 alim,

211 1767 266 1810 em
289 1747 352 1828 im,
376 1767 498 1830 quem:
528 1745 688 1830 persimili
711 1745 810 1810 etiam
833 1744 902 1809 ille
927 1743 1001 1828 (pro
1025 1745 1114 1808 illes
1137 1749 1174 1808 ut
1193 1743 1355 1809 Cornele

211 1874 269 1934 pro
295 1849 496 1938 Gorneles)
520 1855 617 1936 atque
640 1850 754 1915 illud:
777 1851 862 1935 quod
886 1871 988 1936 genus
1012 1872 1107 1915 omne
1125 1851 1178 1914 hic
1197 1852 1356 1938 explicare

211 1957 346 2042 longum
365 1961 423 2022 est
442 1991 484 2004 —
504 1955 653 2022 Genetivi
676 1956 778 2043 igitur
801 1957 938 2041 speciem
957 1957 1066 2042 illam,
1089 1955 1257 2042 Corneli,
1280 1959 1355 2043 quid

212 2063 330 2142 mirum
354 2063 478 2128 sicum
501 2063 686 2128 nominibus
710 2062 850 2148 propriis
881 2063 979 2128 etiam
1007 2065 1240 2148 appellativum
1264 2086 1355 2129 voca-

211 2171 323 2236 bulum
346 2171 421 2236 alis
445 2192 648 2236 communem
665 2170 804 2236 habuit?
833 2169 862 2234 A
881 2193 945 2256 qua
962 2171 1068 2238 forma
1087 2171 1355 2258 quemadmodum

211 2281 303 2344 vetus
332 2279 445 2364 lingua
472 2299 544 2343 eum
572 2277 606 2342 in
630 2277 846 2342 declinatione
876 2301 1009 2344 casuum
1036 2283 1106 2345 tum
1134 2279 1169 2343 in
1196 2278 1355 2363 fingendis

211 2387 329 2452 aliter
365 2385 463 2450 alibi
501 2385 645 2468 aliquis
687 2384 838 2467 aliquot
878 2385 1103 2468 aliquantus
1145 2384 1355 2470 aliquando

211 2492 401 2576 compositis
425 2489 572 2575 profecta
595 2493 654 2574 est,
676 2490 725 2554 ita
747 2490 889 2556 indidem
913 2491 1004 2555 duxit
1027 2491 1185 2556 alimodi
1210 2489 1285 2576 (boc
1307 2494 1357 2554 est
1372 2511 1396 2550 ιε

212 2597 263 2662 ali
292 2595 408 2680 modi)
436 2599 520 2660 teste
542 2594 632 2660 Festi
660 2596 805 2679 epitoma
827 2619 858 2679 p.
876 2597 969 2677 28,2
996 2598 1139 2680 positum
1168 2619 1226 2680 pro
1255 2597 1355 2661 alius

213 2703 313 2768 modi
346 2699 410 2786 (vel
439 2702 523 2787 quod
554 2701 667 2766 eodem
694 2701 779 2767 redit
809 2723 868 2786 pro
901 2703 970 2767 alii
1003 2703 1128 2791 modi).
1182 2701 1243 2784 [Of.
1271 2703 1356 2767 infra

211 2831 242 2892 p.
259 2809 349 2888 ceu]

678 3025 889 3034 ——ss-

596 3288 970 3359 AVCTARIVM.

299 3448 348 3514 De
377 3447 584 3532 Sallusti0,
616 3471 710 3534 quem
739 3451 807 3534 p.9
836 3451 915 3532 [452
934 3455 995 3536 sq]
1019 3449 1172 3532 tractavi,
1199 3471 1251 3514 res
1283 3450 1356 3534 ipsa

213 3559 324 3622 monet
341 3562 379 3622 ut
392 3557 489 3622 etiam
508 3575 642 3641 pergam
657 3556 890 3622 ratiocinando.
913 3556 945 3620 Is
960 3558 1045 3621 enim
1063 3578 1135 3620 cum
1155 3557 1236 3621 illud
1254 3577 1355 3643 genus

211 3663 362 3746 loquendi
380 3663 563 3747 frequentet
576 3661 661 3747 quod
675 3663 709 3727 in
723 3663 953 3748 componendis
968 3663 1236 3749 conectendisque
1255 3665 1355 3728 alius

211 3768 412 3853 pronominis
426 3767 540 3834 formis
552 3769 702 3853 cernitur,
713 3791 777 3854 qua
791 3770 922 3834 tandem
937 3771 1034 3854 plane
1049 3771 1206 3854 singulari
1220 3769 1355 3834 libidine

211 3897 276 3942 uno
299 3875 370 3940 solo
393 3873 427 3940 in
450 3875 523 3942 loco
546 3875 622 3942 alis
645 3876 815 3941 admisisse
838 3875 994 3960 credetur,
1017 3876 1052 3940 in
1070 3877 1185 3941 eete'ris
1204 3877 1355 3942 omnibus

211 3985 300 4052 omni
322 4005 361 4047 ex
384 3985 477 4066 parte
501 3982 659 4047 similibus
679 3983 782 4048 eidem
800 3983 925 4049 formae
950 3982 1073 4048 aditum
1091 3983 1355 4048 constantissime

210 4088 445 4176 praeclusisse?
481 4089 515 4154 in
539 4089 590 4154 his
619 4090 691 4156 dico
719 4111 801 4175 quae
833 4095 910 4156 sunt
940 4091 1024 4156 alius
1051 4092 1151 4156 ulium
1179 4089 1248 4157 Ost.
1272 4092 1302 4175 6,
1325 4092 1355 4156 5.

210 4199 264 4282 43,
287 4198 316 4264 2.
344 4197 396 4280 52,
419 4195 471 4262 28.
502 4195 571 4282 Iug.
594 4196 646 4280 53,
669 4197 700 4263 8.
730 4197 782 4282 66,
806 4198 836 4282 3,
867 4197 951 4264 alius
971 4199 1032 4262 ulii
1054 4196 1124 4263 Cat
1143 4197 1196 4282 52,
1217 4200 1244 4282 l,
1271 4199 1355 4264 alitis

211 4305 269 4370 atii
288 4304 440 4385 facinoris
468 4301 538 4369 Cat
556 4304 609 4388 22,
628 4305 658 4388 2,
694 4304 777 4368 alius
803 4305 868 4369 ulio
894 4326 977 4370 more
1004 4303 1074 4370 Cat.
1094 4305 1124 4388 6,
1143 4306 1173 4385 2,
1209 4307 1292 4371 alius
1318 4306 1355 4370 iu

211 4411 274 4474 olio
297 4409 366 4496 lug.
386 4410 481 4494 60,1,
503 4412 588 4476 alius
609 4411 649 4476 ab
671 4411 738 4476 alab
754 4416 847 4494 purte
868 4411 939 4498 lug.
956 4413 1028 4493 101,
1047 4413 1077 4496 2,
1099 4413 1183 4478 alius
1200 4414 1264 4478 ulio
1283 4412 1352 4498 lug.

215 4517 265 4602 12,
283 4517 313 4580 2.
341 4517 393 4601 50,
412 4518 441 4581 5.
491 4518 530 4582 Ia
557 4519 609 4583 his
642 4519 743 4604 igitur
770 4519 920 4604 quotiens
950 4519 1023 4584 alis
1056 4521 1202 4604 posuerit
1230 4523 1354 4590 nescio:
