3116 5066
204 371 356 452 vocnnas
381 405 586 454 GEMINATAE
611 408 655 454 ET
680 408 710 454 L.
735 407 855 456 Acclvs
880 409 1139 458 GRAMMATICVS.
1190 394 1252 460 159

128 544 250 611 arbItror
276 569 443 623 cessaueu,
459 551 529 633 ipse
561 550 794 634 interpretatus
823 573 927 636 pauca
954 553 1028 617 aliis
1057 552 1253 637 expedienda

126 651 249 737 reliquit.
292 653 368 720 Non
401 679 460 740 pro
487 657 566 738 flato
597 658 754 739 confinient
785 681 855 724 esse
886 659 919 724 in
953 659 1081 725 decreto
1114 659 1253 724 Genuati
1268 678 1293 718 ιι
1327 731 1331 736 ,

126 754 266 826 PLOVIO
293 759 586 829 CONFLOVONT
619 763 754 848 formas,
787 767 844 830 sed
876 789 936 850 pro
963 767 1054 848 flavio
1076 767 1253 850 confluerent,

126 887 180 929 non
200 869 300 952 magis
329 869 384 954 qui
407 871 516 954 sapiat
542 873 678 956 negabit
705 894 801 956 quam
830 895 888 957 pro
919 874 1074 940 Vitruvius
1103 875 1253 940 Ioventio·

52 991 54 994 ·
124 992 182 1036 nera
203 973 284 1040 ΙοιιειΙ
307 975 496 1060 accipienda
523 998 593 1041 esse
622 999 704 1062 quae
732 979 766 1043 in
796 979 820 1044 I.
848 979 886 1044 R.
910 978 950 1044 N.
982 980 1064 1044 1957
1095 977 1144 1061 [O.
1167 979 1192 1046 I.
1218 979 1252 1045 L.

125 1077 138 1140 I
156 1101 183 1144 n.
207 1083 300 1168 12273
322 1081 358 1146 P.
377 1081 414 1147 L.
432 1083 475 1148 M.
494 1083 532 1151 Ε.
554 1086 620 1150 tab.
636 1084 798 1150 LXXVII
813 1085 874 1170 B];
898 1087 932 1150 in
956 1109 1028 1152 aere
1048 1085 1196 1170 Genuati,
1220 1088 1252 1151 in

125 1185 239 1262 decreto
260 1191 337 1274 pagi
361 1189 556 1256 Herculanei
581 1189 630 1268 [O.
653 1191 679 1257 I.
703 1193 738 1256 L.
762 1192 777 1256 I
801 1215 832 1257 ιι.
851 1193 931 1276 571;
954 1188 989 1258 Ρ.
1008 1191 1044 1258 L.
1063 1191 1106 1257 M.
1124 1193 1163 1258 Ε.
1185 1194 1251 1258 tab.

124 1291 213 1375 LXV]
236 1295 473 1363 VI'I'ROVIVS
502 1297 815 1364 IOVENTIONEM
843 1299 1003 1385 lovan)
1033 1299 1154 1384 scripta
1178 1304 1253 1364 sunt

124 1420 185 1464 eum
220 1402 379 1468 similibus
413 1404 537 1489 multis,
576 1426 642 1470 non
674 1427 732 1489 pro
772 1406 914 1472 Va'traius
942 1406 1135 1472 laetationem
1167 1407 1252 1472 Ieei:

123 1509 241 1573 tametsi
276 1510 449 1594 aliquando
487 1511 586 1576 etiam
622 1509 752 1578 FLVIO
785 1533 855 1576 esse
886 1512 1029 1595 positum
1063 1513 1129 1577 seio
1162 1513 1194 1577 h.
1226 1535 1251 1578 e.

122 1616 219 1680 tamen
237 1617 321 1703 statio,
344 1638 412 1683 non
439 1619 530 1702 stato,
556 1619 742 1704 pariterque
765 1619 909 1684 latentius
935 1618 1086 1702 Pactius,
1113 1624 1150 1684 ut
1176 1641 1254 1686 nores

122 1739 200 1786 teum
221 1747 277 1808 pro
304 1745 397 1790 novos
424 1746 543 1791 aeeon:
570 1731 640 1790 tum
669 1726 814 1812 quidem,
842 1747 914 1790 eum
946 1726 1080 1790 mallent
1101 1747 1123 1789 ιι
1147 1727 1252 1791 vocali

122 1845 206 1908 quam
228 1831 457 1898 obsoletioreo
481 1833 529 1898 uti
558 1837 591 1897 et
618 1836 728 1898 tamen
751 1833 855 1898 vitare
880 1833 930 1896 vel
958 1817 998 1896 aa
1022 1833 1071 1897 vel
1099 1854 1139 1897 ou
1167 1834 1252 1898 litte-

122 1954 218 2000 rarum
240 1960 440 2004 coneursum.
473 1938 620 2004 Eandem
644 1939 865 2005 condicionem
886 1961 955 2003 esse
975 1936 1109 2004 SOVOS
1128 1939 1252 2005 formae

122 2049 252 2129 apparet,
274 2049 390 2131 quater
408 2029 472 2110 nisi
491 2046 587 2111 fallor
604 2045 701 2126 hodie
719 2047 893 2112 exstantis:
916 2046 951 2109 in
971 2045 1251 2134 vetustissimo**)

121 2147 205 2214 titulo
227 2151 354 2220 Lueano
379 2153 403 2218 Ι.
427 2153 463 2218 It.
488 2153 527 2218 N.
551 2154 615 2218 299
641 2153 689 2235 [Ο.
715 2155 740 2218 Ι.
764 2149 837 2220 LI
860 2175 892 2220 n.
919 2153 1016 2239 12583
1040 2153 1075 2218 P.
1098 2153 1133 2219 L.
1153 2155 1196 2220 M.
1213 2155 1252 2220 Ε.

122 2254 177 2321 tab.
198 2257 329 2342 LIXF]
353 2257 525 2326 IeIBREIS
549 2259 712 2345 SOVEIS,
736 2262 770 2325 in
789 2261 970 2347 antiquiore
994 2261 1092 2325 etiarn
1113 2265 1148 2325 ut
1167 2261 1250 2326 vitle-
1358 2251 1362 2258 ⁵

122 2362 167 2425 tu'r
190 2367 419 2453 epigrammate
447 2367 651 2432 AmIternino
680 2368 768 2432 5882
796 2367 863 2452 (Οι.
886 2369 973 2432 2623
1004 2367 1051 2449 [0.
1075 2367 1099 2431 Ι.
1123 2367 1158 2434 L.
1181 2368 1197 2432 I
1220 2392 1250 2434 n.

124 2469 209 2554 12973
230 2473 263 2538 P.
287 2473 321 2538 L.
344 2473 388 2538 M.
413 2473 450 2539 E.
474 2475 541 2540 tab.
564 2473 667 2538 XLIX
688 2475 748 2559 GJ)
773 2469 927 2538 SOVEIS
955 2471 1113 2557 NVGES,
1136 2475 1169 2538 in
1189 2475 1252 2538 Ro-

123 2595 207 2642 mano
239 2579 368 2646 Gruteri
401 2604 431 2666 p.
465 2582 543 2666 769,
575 2583 595 2644 9
628 2579 695 2668 (Or.
728 2582 815 2646 4848
850 2580 898 2663 [O.
921 2580 945 2644 Ι.
969 2579 1004 2645 L.
1037 2580 1106 2646 In.
1139 2582 1252 2667 10071)

199 2754 223 2823 ⁸)
240 2755 392 2812 (tenetisne
410 2756 456 2811 hia
471 2759 514 2812 eet
527 2773 545 2811 a
558 2755 732 2812 nominativo
748 2757 853 2824 Iovios,
872 2772 954 2824 quem
968 2771 1065 2809 reeens
1080 2756 1251 2810 consuetudo

123 2837 212 2896 levius
228 2829 332 2914 afferat
351 2846 451 2900 duetus
469 2847 504 2900 ab
523 2847 643 2901 iurando
661 2847 688 2902 h.
703 2863 726 2901 e.
742 2847 872 2901 iuvando.
902 2845 974 2899 Nam
988 2846 1101 2914 praeter
1114 2843 1251 2899 rationem

123 2925 208 2984 lover
226 2933 295 2988 iilud
313 2935 342 2988 in
362 2933 475 2989 decreto
493 2935 559 3004 pagi
578 2933 745 2990 Herculanei
764 2932 952 3002 Goettlingiue
971 2952 998 3003 p.
1019 2940 1033 2988 7
1053 2933 1253 3003 interpretatur

123 3015 189 3074 toris
205 3023 373 3091 genetivum,
392 3021 466 3091 quod
484 3021 544 3076 fieri
563 3022 641 3076 nullo
659 3022 742 3077 modo
761 3023 862 3092 potest.
899 3020 951 3092 [Oi.
967 3021 997 3075 P.
1012 3021 1042 3076 L.
1058 3023 1094 3078 M.
1110 3023 1140 3077 Ε.
1155 3023 1251 3080 Enarr.

123 3121 144 3173 p.
158 3115 201 3166 58:
220 3113 331 3168 ‘lover
348 3131 375 3167 v.
390 3117 415 3169 2.
431 3118 446 3166 ἵ
466 3112 525 3166 fieri
540 3111 617 3166 nullo
636 3111 719 3166 modo
738 3113 833 3180 potest
850 3113 883 3165 ut
897 3111 974 3166 Iouis
988 3112 1173 3182 interpretem
1188 3131 1249 3168 eum

123 3192 281 3272 Goettlingio
299 3221 326 3272 p.
347 3207 394 3256 ⁷1:
420 3202 530 3256 Ionium
548 3216 708 3270 eornpapum
722 3199 778 3254 diei
798 3198 879 3268 quasi
904 3199 1026 3268 aliquem
1047 3202 1164 3256 Genitore
1182 3219 1251 3256 eorn-

123 3299 215 3343 muaem
231 3291 403 3346 Mommseno
422 3289 492 3345 duce
511 3289 621 3360 (indicis
635 3309 662 3360 p.
682 3293 745 3359 465)
764 3289 919 3360 significavi
934 3289 1008 3345 Mon.
1023 3291 1111 3360 epigr.
1125 3293 1159 3346 tr.
1175 3309 1201 3360 p.
1217 3297 1251 3346 35

123 3374 189 3431 adu:
211 3383 241 3434 ut
262 3378 431 3434 substantivi
454 3378 575 3433 nominis
599 3384 726 3433 naturam
750 3378 826 3432 idem
845 3379 1013 3433 vocabulum
1036 3379 1160 3434 induerit
1177 3381 1251 3448 qnod

124 3477 165 3528 pro
182 3467 313 3524 adieetivo
333 3469 376 3522 eet
397 3469 426 3522 in
445 3467 666 3524 MAGISTRIIIS
682 3497 688 3510 ·
707 3466 901 3522 VENERVS·
922 3467 1046 3522 lovlnn
1065 3468 1157 3523 verbis
1174 3469 1251 3523 tituli

124 3547 258 3621 capuensis
275 3559 334 3614 tab.
349 3557 437 3611 LXIII
451 3557 498 3613 A?
533 3557 563 3611 O.
577 3555 634 3626 W.]
669 3555 727 3610 Nee
745 3556 805 3626 ipse
820 3573 892 3611 nune
906 3559 988 3611 teneo
1003 3557 1078 3626 quod
1092 3557 1122 3611 in
1137 3558 1250 3628 speculo

123 3636 223 3700 Etrusco
237 3647 278 3718 [P.
290 3647 321 3702 L.
331 3646 368 3702 M.
379 3647 409 3701 Ε,
420 3647 478 3702 tab.
494 3646 547 3716 IG,
563 3645 590 3700 C.
603 3647 623 3700 I.
633 3645 663 3700 L.
680 3647 691 3699 I
706 3664 732 3699 n.
749 3646 794 3717 56]
810 3647 944 3716 seriptum
959 3645 1058 3701 IOVEI
1073 3663 1161 3716 nuper
1175 3645 1251 3700 volui

123 3725 255 3795 [uetitum
274 3736 390 3790 Momm.
409 3753 436 3806 p.
453 3735 517 3790 XVI
532 3737 626 3805 (snpra
644 3754 671 3804 p.
683 3736 757 3806 110)]
780 3735 856 3789 Iovia
870 3735 965 3804 (idque
983 3735 1166 3802 nominativo)
1183 3751 1251 3801 esse,

122 3819 163 3871 ted
179 3823 270 3880 orani
289 3825 388 3880 Iahnio
407 3825 475 3880 aedo
494 3823 621 3879 dativum
636 3824 733 3878 subtili
747 3824 961 3879 ratiocinatione
975 3823 1137 3880 defendenti
1153 3841 1251 3899 eomm.

123 3904 152 3960 (Ie
168 3913 232 3968 aista
245 3915 429 3968 Piooroniana
447 3932 473 3984 p.
489 3919 531 3968 58.
570 3913 620 3982 [cf.
637 3913 733 3968 Enarr.
753 3931 779 3982 p.
795 3919 811 3966 3
827 3915 856 3968 et
870 3913 968 3983 Suppl.
983 3912 1079 3967 Enarr.
1099 3931 1125 3982 p.
1142 3919 1184 3980 99,
1203 3913 1251 3966 ubi

123 3991 181 4052 haee
203 4002 314 4072 scripsit
332 4003 515 4058 Ritsoheliua:
541 4003 626 4072 ‘quod
646 4001 746 4057 IOVEI
764 4001 965 4073 interpretatus
984 4020 1044 4055 sum
1064 4001 1198 4068 dativum,
1216 4017 1251 4054 ne

124 4100 185 4142 nune
202 4091 314 4160 quidem
332 4094 418 4147 muto.
438 4091 497 4148 Nee
515 4092 590 4146 enim
609 4093 655 4146 vel
674 4093 708 4147 de
727 4092 780 4146 hae
794 4091 944 4148 formavel
959 4091 993 4145 de
1008 4088 1250 4144 ALIXENTROM

123 4167 147 4224 i¹1
167 4175 194 4229 F
209 4182 291 4249 atque
320 4177 464 4236 olovnm
487 4181 544 4237 tab.
571 4181 610 4235 XI
623 4181 659 4234 M
685 4181 870 4236 Buechelerus
898 4179 1037 4251 persuasit
1063 4177 1250 4233 nominativos

124 4265 177 4326 poet
193 4267 261 4322 alios
283 4269 469 4338 interpretans
488 4287 583 4324 omnes
602 4270 690 4324 Musei
711 4270 798 4324 Rhea.
823 4273 843 4324 t.
863 4269 913 4323 XV
932 4287 960 4338 p.
980 4273 1032 4322 ⁴44
1051 4269 1103 4338 sq.’
1143 4267 1171 4323 C.
1191 4269 1250 4339 W.]

184 4354 223 4422 *ἢ
242 4357 293 4428 [CI.
317 4358 346 4414 P.
370 4359 400 4414 L.
425 4358 461 4413 M.
486 4359 516 4412 Ε.
542 4359 637 4414 Enarr.
657 4377 684 4428 p.
704 4365 748 4414 tt:
776 4357 1013 4412 ‘vetustissimam
1036 4375 1099 4412 eum
1122 4357 1249 4412 dicebam

124 4435 312 4578 gegianensem
322 4446 394 4502 Mon.
409 4451 442 4501 tr.
458 4466 483 4517 p.
501 4454 544 4518 36,
559 4465 614 4502 non
628 4447 810 4518 posteriorem
826 4447 900 4499 certe
915 4463 986 4500 anno
1002 4453 1053 4502 620
1068 4446 1248 4518 cogitabam!

142 4570 146 4580 .
166 4529 220 4601 W.]
