3282 5076
742 1156 815 1241 IX.

389 1309 442 1394 lle
470 1290 651 1418 sepulcro
678 1311 889 1397 Furiarum
916 1311 1173 1410 Tusculanum)

530 1473 649 1543 (accedit
666 1473 763 1530 tabula
781 1471 1028 1546 lithographa*⁸)).

293 1787 507 1878 Nobilissimo
530 1811 717 1897 Scipionum
742 1814 889 1897 sepulcro
913 1817 950 1880 ut
972 1813 1077 1897 impar
1102 1813 1261 1899 dignitate
1284 1815 1397 1881 elo-111

205 1919 397 2003 giorumque
420 1917 579 2006 ubertate,
601 1921 649 1986 ita
672 1923 780 1987 aetate
804 1921 952 2004 superius
976 1921 1194 2005 sepulcrum
1213 1921 1351 1988 Furiae
1467 1959 1470 1964 ·

204 2026 335 2108 gentis
371 2026 511 2110 exstitit,
543 2049 628 2093 anuo
655 2027 741 2094 1665
768 2049 878 2094 mense
907 2027 1015 2112 Aprili
1039 2026 1171 2093 Tusculi
1199 2028 1351 2094 effossum

203 2132 239 2196 in
262 2132 359 2198 tescia
383 2133 614 2200 monachorum
631 2132 939 2200 Camaldulensium:
963 2135 1053 2200 cuius
1072 2133 1265 2200 brevissima
1287 2136 1351 2219 epi·
1457 2167 1462 2186 ·

203 2243 388 2322 grammata
405 2262 471 2306 non
490 2240 674 2308 dubitamus
693 2242 758 2326 ipsi
776 2241 890 2327 quinto
909 2241 950 2306 ab
972 2265 1001 2308 u.
1016 2263 1041 2306 c.
1056 2241 1185 2308 saeculo
1199 2241 1350 2306 tribuere.

204 2343 296 2420 Quod
319 2347 503 2433 sepulcrum
525 2349 621 2434 quale
651 2348 750 2414 fuerit
777 2352 810 2413 et
834 2348 993 2434 quomodo
1021 2351 1198 2432 repertum,
1226 2347 1350 2412 duobus

203 2453 391 2518 auctoribus
424 2457 566 2521 constat:
606 2456 712 2540 primo
745 2455 875 2540 quidem
908 2453 1043 2520 Octavio
1076 2453 1265 2520 Falconerio
1298 2454 1349 2518 In·

203 2558 418 2644 scriptionum
437 2560 666 2628 athleticarum
680 2547 804 2626 Romae
828 2583 854 2626 a.
873 2560 957 2626 1668
977 2560 1137 2626 editarum
1151 2583 1182 2645 p.
1194 2560 1258 2625 143
1273 2582 1351 2645 sqq„

202 2664 238 2728 in
251 2663 451 2735 Gronoviani
470 2667 626 2736 Thesauri
646 2671 669 2734 t.
684 2667 765 2734 VIII
784 2668 975 2734 iteratarum
993 2691 1024 2752 p.
1039 2668 1126 2734 2348
1142 2689 1224 2752 sqq.:
1247 2667 1350 2732 altero

203 2771 385 2838 Athanasio
408 2771 568 2842 Kirchero
590 2773 676 2841 Latii
707 2775 757 2840 sui
785 2797 812 2839 a.
836 2775 964 2840 demum
986 2775 1069 2840 1671
1095 2771 1351 2840 Amstelaedami

202 2877 371 2963 publicati,
401 2881 576 2966 conscripti
604 2887 640 2948 ut
668 2881 795 2948 ridetur
817 2903 902 2948 anno
928 2881 1027 2964 1670,
1055 2884 1137 2965 part.
1161 2879 1177 2946 I
1201 2880 1306 2964 capite
1329 2880 1350 2944 3

200 3007 232 3068 p.
251 2985 294 3049 64
313 3008 383 3071 sqq.
434 2985 579 3064 Quorum
606 2987 702 3052 fidem
733 3010 798 3054 non
829 2988 994 3054 immerito
1023 2988 1069 3052 sic
1097 2987 1350 3071 aestimabimus,

201 3091 354 3158 utillum
378 3091 465 3160 haud
487 3095 599 3180 paullo
628 3095 810 3161 accuratius
839 3115 912 3160 cum
939 3116 1007 3160 rem
1032 3116 1158 3160 omnem
1183 3117 1350 3162 enarrasse

201 3203 357 3285 erutaque
385 3221 402 3264 e
434 3202 530 3266 terris
559 3207 770 3268 monumenta
802 3201 868 3267 suis
901 3201 1003 3266 oeulis
1032 3201 1248 3286 examinasse,
1278 3206 1349 3268 tum

201 3305 402 3391 singularum
425 3329 506 3391 quae
534 3307 568 3374 in
592 3307 740 3392 sepulcro
768 3312 915 3392 repertae
946 3311 1023 3372 sunt
1046 3328 1192 3372 arcarum
1216 3307 1349 3392 inscrip-

201 3413 307 3478 tiones
326 3415 439 3500 figuris
458 3419 720 3500 repraesentasse
734 3415 895 3480 dicamus:
917 3412 1004 3478 hune
1022 3413 1064 3478 ob
1083 3413 1227 3504 additam
1247 3413 1349 3496 ipsius

200 3521 339 3605 sepulcri
354 3521 529 3608 imaginem
544 3523 720 3588 laudemus.
753 3521 838 3588 Nam
853 3521 1081 3606 inscriptiones
1096 3521 1225 3604 quidem
1239 3541 1349 3605 quam-

291 3785 316 3854 *J
337 3785 526 3856 [Prooemium
545 3785 649 3844 Indicia
674 3787 830 3844 scholarum
855 3785 1033 3842 hibernarum
1052 3785 1241 3841 &anensium
1263 3801 1348 3840 anno·

201 3891 262 3928 rum
282 3873 642 3932 c1oloccouu1esa1v.
687 3875 863 3946 Bibliopolas
890 3875 1026 3930 traditum
1049 3873 1155 3944 prodiit
1177 3873 1274 3928 addila
1295 3873 1350 3928 hac

201 3961 396 4034 inscriptione:
422 3963 475 4020 ‘De
494 3965 622 4036 sepulcro
641 3965 788 4021 l‘uriorum
809 3965 968 4020 Tusculano
992 3963 1146 4034 disputatio
1165 3963 1350 4033 grammatica
1411 4009 1414 4016 .

201 4051 246 4109 rr.
261 4053 417 4110 Ritschelii.
450 4053 567 4110 Accedit
585 4053 743 4124 exemplum
761 4053 981 4128 lithographpm.
1007 4052 1131 4110 Berolini
1150 4051 1240 4107 1863!
1275 4051 1347 4106 Vide

201 4159 275 4196 nuno
293 4141 322 4197 C.
341 4141 362 4196 1.
381 4141 412 4196 L.
435 4141 446 4195 l
472 4160 500 4196 n.
520 4148 642 4198 66-72.
662 4147 709 4207 633
742 4142 771 4196 Ρ.
791 4141 823 4196 Ιι.
841 4143 879 4198 Μ.
898 4141 929 4197 Ε.
958 4140 1013 4197 tab.
1035 4139 1123 4195 XLIX
1146 4139 1280 4208 Δα-Ιι,
1306 4138 1347 4207 Βς

201 4229 297 4288 Ilnarr.
316 4249 344 4302 p.
363 4237 407 4286 42.
444 4217 473 4286 6.
487 4230 545 4302 W.]

272 4320 314 4390 **)
339 4319 461 4391 [Tabula
479 4319 545 4376 VIII
567 4317 641 4376 idem
665 4319 823 4390 exemplum
847 4317 992 4374 exhibetur
1019 4320 1105 4387 atque
1129 4315 1197 4371 olim
1220 4315 1350 4372 adhaesit

201 4407 266 4464 huie
285 4407 514 4466 commentationi
532 4411 562 4463 et
580 4409 712 4464 iteratum
732 4408 775 4462 est
793 4406 822 4460 P.
843 4405 872 4462 L.
893 4405 929 4460 hl.
949 4403 979 4459 E.
999 4404 1027 4458 in
1047 4407 1126 4474 parte
1146 4403 1286 4476 superiore
1304 4409 1348 4460 ta-

201 4496 283 4552 bulae
302 4497 399 4554 xulx.
437 4497 538 4568 &W.]

254 4605 295 4642 aa.
310 4605 460 4642 nrrscururr
475 4605 607 4641 crescens
623 4607 659 4642 ιν.
1102 4589 1133 4638 17
