3246 5082
294 351 360 414 262
518 363 566 410 ou
591 359 768 410 saevucao
793 360 973 409 svmosvu
997 359 1214 408 nvsovusuo.

294 532 313 572 a
336 507 496 592 principio
520 505 630 571 nullas
653 504 817 589 habuisse,
841 503 896 569 sed
920 527 939 568 a
963 503 1045 568 sexti
1065 502 1193 567 demum
1213 502 1301 567 exitu
1321 502 1442 568 saeculi

292 615 465 700 paullatim
489 613 657 680 ascivisse:
680 611 764 676 unde
789 633 854 677 non
877 615 926 676 est
948 611 1066 675 mirum
1090 609 1124 673 in
1147 609 1221 674 aliis
1239 610 1290 674 vel
1312 609 1367 676 diu
1389 611 1441 674 vel

294 743 421 804 semper
439 719 631 786 fluctuatum
651 741 737 803 esse,
759 719 793 784 in
813 717 885 784 aliis
904 717 977 802 ipsa
994 716 1052 782 illa
1070 716 1312 782 consuetudinis
1331 717 1440 782 incon·

295 827 417 892 stantia
441 826 607 893 commode
630 849 723 892 usum
752 847 823 891 esse
846 845 1041 909 sermonem,
1069 847 1133 910 qua
1161 824 1309 890 consulto
1333 828 1366 889 et
1388 825 1442 890 de-

295 935 364 1000 dita
388 956 487 1020 opera
509 935 704 1000 discerneret
727 930 904 999 ‘utilitatis’
928 953 1043 998 caussa
1066 953 1148 1016 quae
1179 936 1294 1016 suapte
1317 933 1442 1018 origine

294 1041 428 1108 minime
451 1041 591 1108 discreta
615 1044 731 1107 essent.
778 1041 870 1118 Quod
900 1059 1001 1124 genus
1031 1061 1125 1105 omne
1148 1039 1195 1102 ita
1219 1045 1442 1124 comparatum

294 1154 344 1215 est
367 1154 404 1214 ut
426 1151 522 1236 longe
546 1149 729 1214 clarissima
751 1148 840 1212 illinc
861 1146 916 1210 lux
935 1146 967 1210 iu
987 1145 1191 1229 quaestiones
1211 1147 1443 1230 grammaticas

295 1257 454 1341 plurimas
477 1255 643 1320 redundet.

383 1361 524 1428 Multum
557 1366 665 1426 autem
696 1360 831 1426 fallatur
864 1359 919 1444 qui
955 1359 1007 1423 his
1039 1359 1250 1444 cognatisque
1287 1360 1444 1445 exemplis

295 1471 488 1535 varietatem
515 1490 645 1534 omnem
673 1467 952 1534 terminandorum
984 1467 1052 1532 sive
1079 1466 1113 1530 in
1140 1467 1206 1532 eivs
1238 1465 1306 1531 sive
1333 1466 1367 1530 in
1394 1468 1445 1532 ius·

297 1577 466 1643 nominum
494 1575 665 1662 gentilium
694 1574 878 1640 conclusam
905 1577 1006 1658 putet
1052 1573 1141 1650 Quae
1169 1576 1238 1639 tam
1265 1573 1330 1638 late
1354 1577 1447 1658 patet

297 1688 335 1749 ut
358 1683 411 1748 vix
434 1681 518 1748 ullos
542 1681 623 1746 fines
646 1681 776 1747 habeat.
812 1679 889 1746 Non
912 1679 1059 1765 equidem
1081 1681 1149 1746 ullo
1168 1681 1264 1746 modo
1283 1681 1444 1748 contendo

297 1795 433 1875 utraque
456 1788 562 1855 forma
586 1788 787 1874 singularum
809 1787 943 1854 nomina
962 1788 1108 1873 gentium
1127 1787 1232 1853 efferri
1251 1789 1349 1854 solita
1367 1811 1447 1874 esse,

298 1895 566 1981 quemadmodum
589 1917 648 1961 neo
668 1892 795 1960 Clodii
819 1894 942 1980 singuli
960 1895 1012 1960 vel
1031 1895 1153 1961 Plotii
1177 1895 1274 1960 etiam
1290 1892 1446 1963 Claudii

235 1990 245 2002 ’
298 2009 331 2068 et
353 2003 502 2068 Plautii
530 2003 610 2068 dicti
638 2006 727 2067 sunt:
760 2001 816 2066 sed
837 2005 875 2066 ut
896 2001 1013 2068 horum
1040 2003 1173 2068 nomina
1195 2024 1261 2068 non
1284 2007 1361 2068 sunt
1383 2003 1446 2068 ori-

299 2111 388 2197 gine,
419 2131 530 2174 verum
553 2131 613 2174 usu
637 2109 707 2174 solo
731 2109 870 2194 diversa,
897 2109 945 2175 ita
972 2110 1098 2194 origine
1126 2133 1184 2176 sua
1211 2131 1278 2175 non
1300 2110 1446 2178 diversas

300 2237 371 2282 esse
394 2216 469 2281 illas
491 2215 739 2282 terminationes
762 2217 952 2301 pronuntio,
976 2217 1220 2302 potuisseque
1243 2217 1447 2283 uniuscuius-

301 2345 363 2408 que
386 2323 493 2409 gentis
512 2345 630 2389 nomeu
649 2345 688 2387 ex
711 2325 776 2389 -cic
795 2321 901 2390 forma
918 2323 1058 2389 transire
1077 2325 1112 2390 in
1134 2326 1201 2410 -ia,
1224 2323 1448 2390 incredibilem

301 2430 522 2516 exemplorum
546 2430 789 2496 multitudinem
807 2430 886 2496 mihi
905 2431 1097 2516 persuadere
1115 2432 1234 2516 patior.
1262 2429 1341 2507 Quis
1361 2432 1448 2496 euim

301 2557 421 2621 quaeso
452 2559 471 2602 a
498 2536 658 2622 principio
691 2537 847 2603 discretos
880 2535 980 2602 fuisse
1013 2537 1121 2602 credet
1153 2538 1242 2604 velut
1273 2538 1334 2603 hos
1367 2560 1448 2622 quos

300 2643 386 2708 infra
408 2643 515 2728 posui:
539 2643 734 2708 Abihaeos
760 2643 902 2728 (quando
926 2643 1005 2708 haec
1029 2666 1156 2730 quoquo
1179 2645 1219 2710 ad
1242 2645 1327 2710 idem
1345 2665 1449 2731 genus

302 2750 464 2836 pertinere
488 2746 632 2836 constat)
657 2754 689 2815 et
712 2749 891 2835 Abinios,
915 2749 1075 2824 Aeteios
1100 2751 1249 2838 Aetius,
1272 2749 1449 2836 Agileios

303 2857 489 2943 Agillios,
517 2857 689 2942 Agneios
716 2856 878 2944 Agnios,
908 2857 1040 2923 Aleios
1070 2857 1182 2924 Alios
1210 2857 1364 2924 Alleios
1386 2857 1450 2922 Al-

303 2965 392 3048 lios,
415 2963 569 3029 Ameios
594 2964 778 3047 Aminios,
801 2961 976 3030 Ancaeos
1001 2963 1158 3050 Ancios,
1177 2965 1330 3032 Anaeos
1352 2965 1451 3030 Aue·

304 3071 362 3136 ios
385 3068 506 3134 Anios
529 3069 710 3135 Annaeos
729 3068 899 3136 Anneios
918 3069 1072 3137 Auneos
1091 3071 1252 3157 Annios,
1267 3070 1450 3138 Aniceios

304 3177 479 3260 Anicios,
506 3175 677 3242 Antaeos
701 3177 862 3242 Anteios
891 3177 1043 3263 Antios,
1071 3178 1249 3264 Appaeos
1279 3178 1451 3263 A·ppeios

305 3283 468 3368 Appios,
492 3283 666 3370 Argaeos
690 3283 846 3370 Argius,
867 3283 1079 3364 Aruntaios
1098 3285 1285 3351 Aruntios
1305 3283 1451 3350 Arrun-

304 3392 397 3474 tios,
429 3391 587 3457 Arteios
620 3391 770 3477 Artius,
802 3391 936 3458 Ateios
970 3391 1084 3457 Atios
1114 3391 1271 3458 Atteios
1302 3391 1452 3477 Attios,

169 3519 177 3536 ⁶
306 3498 482 3564 Ateleios
519 3498 702 3584 Atellios,
747 3497 903 3564 Atreias
945 3497 1094 3582 Atrios‚
1132 3496 1276 3562 Aueios
1320 3497 1453 3583 Auios‚

305 3605 496 3670 Bassaeos
519 3605 694 3690 Bassios‚
712 3604 883 3670 Belleios
907 3603 1069 3686 Bellias,
1092 3603 1254 3670 Bureios
1277 3603 1453 3689 Burrios,

307 3711 487 3776 Calceios
507 3709 672 3797 Caloios,
691 3709 850 3778 Careios
870 3709 1018 3796 Carios,
1038 3708 1241 3778 Casineios
1259 3710 1453 3798 Casinios,

307 3815 459 3884 Celeios
491 3815 636 3902 Colias,
674 3815 835 3884 Coceios
868 3817 1051 3884 Cocceios
1084 3817 1236 3904 Coelos,
1273 3819 1452 3884 Cosseios

308 3923 479 4008 Cassios,
512 3921 739 4009 Crepereios
773 3922 991 4010 Creperios,
1028 3923 1227 4010 Crispeios
1262 3923 1453 4010 Crispios,

306 4031 503 4097 Donneios
545 4029 733 4111 Donnios,
773 4031 955 4098 Etereios
998 4031 1241 4120 (Hetereios)
1281 4033 1454 4116 Eterios,

307 4139 463 4204 Fereios
481 4137 628 4224 Ferios,
646 4139 845 4204 Flacceios
865 4137 1055 4224 Flaccios,
1077 4139 1259 4206 Flauaios
1278 4139 1454 4224 Flauios,

309 4245 463 4312 Foleios
495 4244 628 4312 Folios
660 4245 824 4331 Follios,
857 4243 1022 4312 Geueios
1053 4245 1237 4331 Cenuios,
1268 4246 1454 4312 Hatreios

309 4351 485 4436 Hatrios,
519 4351 676 4417 Heleios
704 4351 855 4436 Halios,
886 4352 1060 4418 Horaeos
1089 4352 1245 4438 Herios,
1276 4352 1454 4418 Irinaeos

310 4455 468 4540 Irinios,
509 4455 631 4522 lteios
663 4457 776 4541 Itios,
816 4457 1021 4524 quaueios
1053 4459 1250 4544 lucanica,
1291 4459 1455 4528 Keteios
