3166 5084
402 336 505 384 naers
529 335 681 384 ausurae
704 337 789 384 naas
814 336 1017 386 supersues.
1238 321 1281 385 55

234 477 315 546 Haeo
352 501 434 564 quae
472 503 496 544 s.
529 503 552 544 s.
583 502 607 544 s.
640 501 714 544 cum
744 483 777 545 et
811 479 931 545 chartis
965 481 1207 565 consignassem
1248 484 1281 544 et
1296 477 1320 543 io

159 587 248 669 operis
269 587 484 670 tradidissem,
507 587 590 652 forte
614 587 648 654 in
672 609 787 651 manus
811 582 924 652 incidit
947 587 1086 652 Lunna
1109 587 1279 658 tiberiam

158 715 237 787 auno,
255 694 335 758 1818
363 691 500 758 Parmae
529 691 647 758 editus:
681 692 859 760 ‘Iscrizioni
888 695 1015 760 antiche
1043 695 1200 762 collocate
1227 693 1279 760 ne’

156 799 228 866 muri
247 799 327 866 detta
351 801 441 866 scala
462 800 603 866 Farnese
627 823 644 864 e
668 801 814 886 spiegate
837 801 879 866 da
901 799 940 866 D.
963 802 1072 870 Pietro
1096 803 1135 868 de
1158 803 1280 887 Lama’,
1366 815 1377 832 ⁸

156 927 244 990 equo
268 929 331 972 non
354 907 434 972 illud
461 911 589 972 tanturn
613 907 724 992 didici,
753 909 837 992 qnod
862 911 911 972 cst
933 909 1105 992 levidense,
1128 910 1278 974 comitem

155 1010 326 1079 Auroruvrr
359 1013 503 1080 Cossum
536 1013 727 1079 canonicum
764 1015 864 1078 fuisse
896 1015 1037 1098 primum
1068 1015 1171 1078 musei
1203 1015 1279 1078 Par·

154 1121 257 1185 mensis
278 1121 486 1205 praefectum,
510 1121 565 1186 sed
589 1121 676 1206 quod
698 1121 803 1205 pluris
822 1125 881 1205 est,
904 1121 1050 1186 tabulam
1069 1121 1277 1186 Parmenseni

154 1224 323 1294 Caietauum
346 1228 522 1293 Marinium
545 1251 610 1293 non
633 1229 740 1312 ipsum
763 1229 1018 1312 transcripsisse,
1042 1227 1074 1292 id
1099 1228 1184 1313 quod
1207 1251 1238 1312 p.
1258 1231 1278 1292 2

152 1334 251 1416 [snpra
270 1358 296 1418 p.
321 1336 378 1416 36]
403 1337 532 1400 narravi
555 1334 685 1400 Marinii
708 1335 816 1400 verbis
840 1335 990 1418 deeeptus
1015 1333 1084 1400 ‘che
1108 1337 1139 1400 io
1163 1336 1205 1401 ho
1225 1358 1277 1400 ve-

151 1439 220 1506 duto
235 1441 283 1506 nel
307 1441 421 1508 Museo
445 1443 484 1506 di'
506 1441 647 1525 Parma',
676 1464 785 1506 varum
814 1443 996 1524 exemplum
1020 1443 1215 1527 expressisse
1235 1445 1277 1508 ab

149 1544 213 1628 ipso
236 1546 331 1614 Lama
363 1571 471 1614 sacnm
500 1549 772 1616 communicatum
806 1571 890 1614 anno
927 1549 1012 1613 1784
1041 1549 1151 1634 (sulla
1184 1549 1278 1633 copia

148 1652 238 1718 sedete
259 1655 296 1748 da
318 1679 369 1720 me
394 1656 567 1742 speditagli
589 1657 643 1720 nel
669 1655 765 1722 1784’
790 1679 820 1740 p.
844 1657 887 1720 20
910 1654 1041 1743 adnot).

228 1759 303 1828 Vter
334 1763 396 1827 hac
429 1763 692 1846 opportunitate,
720 1766 757 1826 ut
789 1785 887 1846 supra
915 1762 1054 1846 scriptae
1082 1763 1276 1828 Annoru-

146 1883 252 1932 rioul
277 1870 398 1955 aliquid
429 1870 553 1934 addam.
599 1867 682 1934 Nam
710 1869 795 1954 quod
825 1869 876 1934 bis
899 1869 1016 1934 vitiose
1038 1869 1182 1953 positum
1206 1892 1276 1936 esse

150 1977 296 2034 aaaron
315 1981 555 2036 oaoaaanrr
582 1975 615 2040 Π
645 1978 673 2040 7.
700 1977 739 2041 16
763 1975 843 2060 dixi,
875 1975 908 2040 id
931 1976 1040 2059 ipsum
1063 1976 1156 2042 video
1181 1975 1217 2040 G.
1241 1976 1275 2041 F.

144 2075 287 2146 Pnchtaur
324 2083 572 2149 Institutionum
609 2088 699 2148 tomo
732 2082 765 2146 II
795 2105 826 2167 p.
856 2084 897 2147 67
936 2081 1042 2148 adnot
1071 2105 1092 2166 p
1125 2083 1275 2150 editionis

145 2187 249 2250 tertiae
269 2189 314 2254 ita
341 2191 444 2254 tutari
473 2191 541 2255 sine
566 2191 636 2255 vitii
660 2190 858 2274 suspicione,
886 2193 923 2254 ut
945 2191 1141 2274 tripertitam
1166 2189 1275 2254 defini-

147 2293 254 2360 tionem
275 2296 364 2362 hisce
392 2297 500 2362 verbis
523 2297 593 2362 fieri
617 2297 716 2363 dicat:
746 2319 778 2362 sc
804 2298 964 2379 sponsione
987 2299 1158 2380 trodietopuc
1180 2297 1276 2361 uteioo

147 2402 275 2480 oportebit
303 2425 368 2470 uon
397 2405 546 2488 descendet,
575 2405 627 2468 vel
657 2408 694 2468 ut
726 2404 828 2488 ipsius
848 2405 968 2488 ¹uerbis
1001 2408 1075 2468 utar
1106 2403 1183 2468 ‘drot
1212 2425 1274 2468 uor-

146 2506 281 2575 scbiedene
301 2511 439 2576 Formae
461 2513 513 2576 dos
542 2510 777 2593 Uupeborsoma
805 2509 941 2575 oiimtiob
970 2511 1200 2592 Verwetpeouop
1223 2511 1275 2574 der

146 2611 270 2697 Couttoo,
292 2619 363 2683 odor
385 2619 439 2683 der
460 2618 749 2702 Isittscootostotioo,
773 2619 846 2682 odor
867 2619 918 2682 das
936 2615 1053 2681 Etdcs’.
1100 2615 1192 2691 Quod
1212 2637 1274 2699 quo

147 2739 278 2790 successu
305 2724 433 2808 fecerit,
461 2725 602 2790 viderint
629 2747 728 2808 panes
759 2747 837 2810 quos
866 2729 916 2788 est
945 2723 978 2787 in
1002 2723 1063 2788 hoc
1087 2744 1205 2808 genere
1229 2723 1274 2788 iu-

146 2825 255 2896 dicium.
276 2832 349 2918 Ego
373 2831 502 2916 quidem
525 2832 666 2916 primum
690 2833 752 2896 hoc
771 2831 876 2896 doceri
900 2830 1043 2914 pervolo,
1068 2831 1122 2916 qui
1141 2831 1273 2896 omnino

146 2937 236 3014 possit
260 2939 426 3024 tripartito
455 2937 555 3002 dividi
581 2937 701 3002 iunctis
728 2959 785 3019 quo
813 2942 845 3002 et
872 2959 909 3002 uc
939 2937 1119 3020 particulis;
1151 2936 1274 3022 deinde,

147 3040 211 3123 quid
231 3045 279 3109 his
303 3046 362 3109 fiat
383 3045 480 3128 plane
505 3043 651 3128 gemellis
674 3044 707 3108 Π
734 3045 773 3108 12
797 3049 853 3108 out
870 3065 901 3109 se
923 3045 1084 3126 sponsione
1102 3045 1274 3126 iudicioque

145 3150 197 3211 aar·
217 3153 355 3232 oportebit
380 3172 445 3216 oon
467 3151 647 3232 defendero:
677 3150 733 3214 ubi
761 3150 789 3213 si
813 3149 896 3213 forts
923 3151 1024 3213 atauo
1047 3149 1272 3234 corrigendum

146 3251 260 3343 dixeris,
282 3262 317 3324 at
343 3279 384 3322 na
411 3257 473 3322 hoc
501 3255 630 3340 quidem
654 3255 735 3320 satis
759 3259 810 3323 est
832 3255 872 3320 ad
895 3255 954 3320 illa
977 3255 1173 3340 expedienda
1195 3256 1228 3320 Π
1252 3259 1271 3322 8

146 3379 227 3442 aequo
246 3367 280 3430 do
302 3387 339 3430 co
360 3386 394 3430 ro
415 3365 608 3446 sponsionem
628 3363 837 3445 foratosque
860 3363 973 3428 iudicio
995 3363 1058 3426 otei
1080 3364 1226 3444 oportebit
1241 3385 1274 3429 so

146 3465 272 3556 defotdct,
295 3473 380 3558 quod
400 3471 440 3536 ad
455 3471 598 3538 Puohtae
622 3471 754 3555 quidem¹
775 3469 970 3535 sententiam
988 3490 1083 3551 papate
1104 3471 1168 3534 otei
1186 3463 1272 3551 opor-

147 3572 206 3642 oto
225 3577 391 3644 dicendum
414 3583 485 3642 erat
507 3561 625 3661 putide.
657 3575 731 3640 Huc
749 3576 872 3641 accedit
890 3575 975 3660 quod
994 3575 1102 3656 etiam,
1121 3576 1177 3640 ubi
1197 3577 1271 3640 sim-

147 3677 209 3758 plex
234 3686 298 3750 sive
330 3684 442 3750 iudicii
475 3683 542 3748 sive
575 3681 675 3770 (quod
708 3683 810 3748 semel
842 3679 979 3769 factum)
1012 3682 1091 3748 satis
1119 3681 1271 3747 factionis

147 3787 221 3852 notio
249 3791 398 3877 infertur,
425 3796 536 3856 tamen
568 3790 679 3856 addita
713 3793 865 3876 leguntur
891 3791 954 3855 atei
985 3789 1131 3872 oportebit
1156 3791 1269 3855 verba:

146 3885 228 3961 1136
247 3921 340 3982 nequo
361 3920 393 3964 se
417 3899 532 3964 iudicio
554 3900 617 3962 utoo'
638 3899 783 3980 oportebit
803 3898 952 3980 desendet,
980 3898 1022 3962 37
1051 3917 1145 3978 nopae
1170 3897 1207 3960 dc
1235 3919 1271 3962 eo

147 4015 174 4058 ro
195 4021 222 4065 sc
245 4007 357 4072 adicio
383 4007 446 4070 utet
472 4005 616 4088 oportebit
641 4005 789 4086 defendet,
819 4005 862 4069 42
890 4025 984 4087 aequo
1009 4025 1040 4068 so
1068 4003 1181 4067 tudo'oio
1208 4007 1271 4070 utet

147 4110 269 4182 ⁰P⁰rtebit
288 4113 471 4194 defenderit,
501 4113 544 4177 49
567 4133 662 4194 nequa
683 4133 714 4177 se
735 4113 849 4176 turibio
872 4113 934 4176 utet
950 4111 1142 4193 'oportuisset
1167 4111 1269 4192 descu-
1348 4151 1352 4158 ‚

148 4206 230 4290 4438θί,
254 4219 295 4285 34
312 4242 407 4302 oeque
433 4222 469 4286 oo
491 4211 529 4285 eo
548 4241 582 4284 re
602 4221 680 4285 sotis
701 4221 763 4284 utoi
785 4219 933 4303 oportebit
951 4219 1052 4298 scoot.
1084 4216 1270 4302 Aquorum

118 4319 123 4330 '
149 4313 345 4392 similitudine¹
356 4349 429 4392 oum
451 4350 551 4392 unum
570 4327 750 4411 exemplum
767 4325 830 4392 hoc
844 4325 972 4398 recedat
984 4323 1017 4388 Π
1032 4325 1075 4389 44
1088 4331 1145 4390 out
1156 4327 1269 4392 turibio

148 4439 174 4483 ⁸0
187 4445 242 4492 'tm
261 4434 445 4520 desendbeet,
468 4435 502 4499 in
522 4434 583 4499 hoo
602 4433 760 4517 suspicari
779 4432 856 4497 licet
872 4433 935 4498 otei
952 4433 1133 4516 pomosa
1148 4433 1268 4517 impru-
