3216 5082
284 373 353 440 500
517 393 661 444 ruscea
685 391 912 443 narrurrrms
934 388 1196 440 urrenrrsrcrn

284 533 329 598 45
348 538 521 600 memoret:
545 557 683 620 quocum
701 557 769 602 non
786 557 918 602 necesse
938 538 988 600 est
1005 553 1151 620 pugnare
1160 529 1329 596 Victorem
1348 527 1438 593 credi

286 637 465 722 ‘peculatus
489 641 591 706 reum’
610 641 847 726 perhibentem:
870 665 947 708 nam
960 641 1073 706 Livius
1092 639 1232 724 quidem,
1250 637 1305 721 qui
1323 635 1437 700 iudicii

285 745 375 811 illiue
412 751 509 832 atque
548 747 767 815 damnationis
799 750 997 814 mentionem
1029 752 1080 813 ter
1116 745 1211 811 inicit
1246 742 1357 825 XXII,
1383 742 1438 806 35.

285 850 426 937 XXVII,
452 853 504 918 34.
540 853 665 940 XXIX,
689 857 741 940 37,
773 878 923 923 caussam
955 853 1127 920 accusandi
1155 872 1314 936 nusquam
1347 849 1438 914 dicit.

286 956 412 1024 Horum
440 960 541 1045 igitur
562 962 825 1028 testimoniorum
856 963 1089 1028 obscuritatem
1113 982 1170 1026 suo
1194 980 1277 1024 unus
1301 957 1438 1043 quisque

287 1087 384 1130 seusu
409 1067 585 1132 arbitretur
607 1068 683 1154 quid
706 1069 815 1134 valere
838 1073 953 1136 contra
972 1068 1150 1153 simplicem
1170 1068 1355 1148 certamque
1374 1061 1437 1127 Po-

287 1171 371 1255 lybii
390 1175 618 1241 auctoritatem
636 1175 735 1241 dicat:
759 1177 811 1242 cui
831 1177 946 1243 saltem
965 1179 1095 1241 tanturn
1113 1195 1209 1240 nemo
1228 1194 1295 1238 non
1312 1169 1438 1235 tribuet

288 1279 365 1362 quin
388 1281 511 1363 primas
535 1287 644 1366 partes
668 1304 786 1368 easque
809 1283 906 1368 longe
930 1282 1164 1368 splendidiores
1182 1279 1284 1344 fuisse
1303 1275 1438 1342 Aemilii

288 1383 397 1450 Paulli
421 1386 483 1451 sibi
506 1389 713 1474 persuadeat,
737 1388 819 1454 Livii
839 1395 961 1475 autem,
985 1388 1134 1454 simodo
1158 1386 1267 1472 aliquo
1290 1389 1437 1468 tempore

286 1491 453 1576 particeps
476 1493 538 1558 fuit
561 1495 655 1580 belli,
678 1501 747 1562 tam
770 1517 848 1580 prae
871 1497 937 1561 illis
957 1497 1089 1583 exiguas
1108 1498 1159 1578 ut,
1182 1515 1238 1558 cur
1256 1514 1297 1558 ne
1315 1491 1437 1556 haben·

288 1597 337 1662 dis
368 1600 510 1666 comitiis
543 1602 671 1686 quidem
704 1607 834 1688 praesto
866 1625 935 1669 csse
962 1603 1087 1668 Romae
1118 1600 1274 1686 potuerit,
1306 1596 1437 1662 evidens

287 1727 402 1771 caussa
424 1729 492 1774 non
516 1713 679 1794 apparea-t.
715 1710 838 1777 Verum
862 1715 933 1776 esto
957 1710 1071 1777 utillo
1093 1731 1161 1774 non
1184 1705 1344 1772 adiuverit
1365 1707 1438 1768 tan-

286 1817 356 1878 tum
379 1813 528 1880 Paullum
556 1817 590 1882 in
619 1817 809 1884 debellando
833 1817 1014 1902 Demetrio,
1043 1816 1098 1882 scd
1126 1837 1200 1882 cunr
1228 1813 1339 1880 eodem
1368 1812 1438 1876 eius

286 1921 447 2004 triumphi
469 1921 628 1988 honorem
652 1925 938 1990 communicaverit
961 1946 1055 2009 quem
1077 1924 1135 1988 uni
1159 1919 1300 1988 Aemilio
1323 1918 1438 1982 Paullo

288 2026 446 2110 Polybius
479 2029 579 2094 ctiam
613 2030 715 2096 altero
744 2031 885 2116 quodam
912 2031 1103 2100 testimonio
1130 2029 1248 2094 tribuit
1274 2025 1360 2111 quod
1388 2029 1440 2089 est

287 2133 363 2198 libri
381 2133 428 2198 IV
448 2157 474 2199 c.
490 2136 532 2200 66
551 2132 646 2221 (κατὰ
669 2140 705 2202 δὲ
730 2139 789 2203 τὸν
812 2139 924 2219 καιρὸν
947 2142 1064 2204 τοῦτον
1084 2136 1223 2216 Αἰμίλιοι
1246 2135 1282 2200 ἐκ
1304 2138 1360 2213 τῆ(
1382 2131 1438 2197 Ἰλ-

289 2239 416 2319 λυρίδος
439 2241 543 2322 εἰεῆγε
567 2247 721 2324 λαμπρῶς
746 2245 791 2310 εἰ(
815 2249 873 2326 τὴν
892 2245 1017 2325 Ῥώμην
1041 2245 1099 2310 τὸν
1123 2237 1306 2326 ettennon:
1328 2260 1369 2304 ne
1392 2237 1439 2302 sic

288 2345 419 2431 quidem
448 2348 627 2416 dictaturae
654 2353 883 2418 necessitatem
911 2351 1012 2416 ullam
1042 2350 1142 2415 fuisse
1165 2348 1350 2432 intelleges,
1381 2345 1440 2410 ubi

289 2453 330 2518 ad
363 2457 513 2540 tempora
544 2457 629 2542 gesti
666 2458 744 2524 belli
775 2457 917 2542 Polybio
955 2457 1033 2522 duce
1071 2455 1216 2521 animum
1252 2452 1440 2518 adverteris.

289 2558 416 2646 Quippe
445 2563 518 2628 ὑπὸ
545 2566 613 2644 τὴν
641 2564 787 2645 ὡραίαν
810 2565 945 2630 Λεύκιον
968 2565 1026 2628 τὸν
1049 2563 1191 2642 Αἰμίλιον
1214 2561 1440 2628 ἐξαπέετειλαν

289 2669 368 2748 μετὰ
391 2669 557 2750 δυνάμεως
588 2674 641 2737 ἐπὶ
664 2673 721 2737 τὰ(
744 2672 825 2736 κατὰ
848 2673 906 2752 τὴν
930 2669 1087 2750 Ἰλλυρίδα
1110 2667 1238 2748 πράξειε
1266 2667 1373 2751 capite
1399 2667 1440 2732 16

288 2779 386 2859 teste,
418 2777 607 2857 ληγούεηε
635 2781 670 2844 δὲ
698 2780 759 2859 ἤδη
788 2784 853 2859 τῆς
882 2779 1034 2858 θερείας
1063 2777 1108 2842 εἰ(
1130 2778 1189 2855 τὴν
1211 2774 1337 2854 Ῥώμην
1360 2773 1440 2838 ἐπα-

288 2885 385 2961 νῆλθε
409 2884 460 2948 καὶ
483 2887 541 2963 τὴν
561 2883 688 2949 εἴεοδον
707 2885 879 2964 ἐποιήεατο
900 2884 979 2962 μετὰ
999 2881 1154 2962 θριάμβου
1173 2882 1225 2946 καὶ
1242 2887 1299 2962 τῆ(
1317 2879 1441 2960 dudunt

289 2987 433 3054 εὐδοξία(
461 3011 487 3054 c.
509 2989 558 3054 19.
603 2990 693 3076 Ergo
721 2990 762 3056 eb
791 2989 880 3056 exitu
911 2990 1047 3054 aestatis
1076 2987 1157 3053 satis
1185 2986 1330 3072 profecto
1358 2989 1441 3049 tem·

287 3094 378 3178 porie
401 3094 553 3160 relictum
576 3101 659 3180 erat,
682 3118 746 3182 quo
771 3096 920 3162 consules
944 3097 1059 3162 fierent
1081 3095 1189 3160 idibus
1208 3091 1338 3159 Martiis
1362 3091 1441 3157 anui

287 3200 429 3286 proximi
453 3223 570 3267 munus
594 3202 787 3288 suscepturi.
1280 3201 1281 3204 '

378 3307 487 3394 Atque
505 3309 630 3375 talibus
650 3310 763 3394 quales
779 3309 999 3394 pertexuimus
1018 3305 1323 3374 ratiocinationibus
1341 3305 1442 3372 etiam

290 3413 460 3501 Sigonium
488 3417 613 3480 motum
642 3437 714 3481 esse
742 3417 959 3502 suspicamur,
990 3419 1027 3480 ut
1054 3413 1100 3478 ‘re
1128 3413 1162 3478 in
1189 3434 1302 3479 omncs
1329 3415 1442 3498 partes

290 3521 346 3586 diu
370 3523 573 3608 multumque
596 3519 737 3588 versatd'
757 3522 874 3608 (ipsius
893 3523 992 3588 verba
1010 3518 1100 3607 sunt)
1123 3521 1158 3584 in
1177 3541 1262 3594 anno
1282 3519 1347 3585 533
1366 3520 1442 3584 sub·

293 3627 426 3694 sisteret
443 3630 494 3694 cui
507 3628 603 3695 Fabii
617 3629 811 3694 dictaturam
830 3628 1026 3714 adsignaret
1048 3605 1213 3711 profectus
1232 3627 1288 3691 ille
1308 3649 1327 3692 a
1345 3625 1443 3691 belli

291 3733 461 3801 Histrici
490 3735 690 3821 cogitatione
718 3757 782 3821 quo
810 3735 971 3819 implicati
994 3733 1142 3800 consules
1172 3733 1213 3798 ab
1241 3732 1322 3798 urbe
1346 3731 1443 3798 abria-

292 3847 373 3908 eent.
416 3839 519 3919 Quam
543 3841 673 3927 quidem
696 3843 915 3908 coniecturam
939 3841 1105 3908 fatendum
1133 3843 1183 3906 est
1205 3843 1333 3904 tautum
1356 3861 1443 3904 com·

291 3949 510 4015 mandationis
538 3949 659 4014 habere
687 3953 845 4035 quantum
874 3949 924 4014 cui
947 3948 1029 4014 nibil
1054 3949 1171 4013 obstet.
1216 3945 1330 4031 Neque
1353 3945 1441 4012 euim

242 4081 277 4122 rx
291 4057 330 4122 dc
354 4057 427 4141 ipso
450 4055 537 4122 bello
560 4055 619 4121 illo
642 4057 717 4142 plus
741 4059 943 4142 compertum
966 4055 1124 4120 babemus
1147 4075 1244 4140 quam
1264 4076 1283 4119 a
1302 4054 1441 4120 consuli·

291 4164 352 4228 bus
382 4161 567 4228 ambobus
595 4162 630 4229 P.
650 4162 802 4230 Cornelio
830 4162 873 4227 M.
895 4161 1039 4228 Minucio
1068 4159 1118 4247 (L.
1141 4158 1177 4245 f.)
1211 4164 1340 4245 gestum
1370 4182 1442 4226 esse

292 4273 376 4334 teste
391 4268 517 4334 Zonora
540 4269 560 4334 l.
580 4293 605 4335 s.
625 4293 663 4350 s.,
687 4270 742 4354 qui
764 4270 839 4336 illos
864 4269 943 4335 dicit
965 4267 1073 4333 πολλὰ
1095 4272 1162 4333 τῶν
1185 4269 1251 4334 ἐκεῖ
1273 4269 1378 4334 ἐθνῶν
1401 4267 1443 4332 τὰ

293 4377 350 4454 μὲν
373 4377 505 4460 πολέμῳ
528 4377 568 4441 τὰ
591 4377 626 4440 δὲ
650 4376 837 4456 ὁμολογίαι(
858 4373 1028 4454 ὑποτάξαι,
1052 4378 1179 4460 gestum
1199 4378 1307 4440 autem
1326 4371 1443 4440 ‘multo

292 4481 511 4546 Romanorum
527 4481 697 4566 sanguine'
709 4482 870 4565 Eutropio
890 4482 954 4566 III,
969 4483 988 4546 ‘I
1013 4480 1192 4566 Orosioque
1206 4479 1265 4565 IV,
1278 4481 1317 4545 13
1332 4484 1443 4545 aucto·
