3216 5082
292 369 357 435 536
531 385 677 434 earscsn
701 385 923 436 nsrrmrsrrs
947 386 1206 436 nruoasrfflcua

289 529 470 596 testimonii
498 531 633 595 constet.
678 527 906 596 EGarruccio
935 530 1050 615 igitur,
1078 531 1156 615 quid
1183 531 1314 598 tandem
1342 532 1438 598 huius

289 636 335 700 rei
359 639 457 714 esset,
480 635 657 700 identidem
681 635 864 702 sciscitatus
888 635 1016 702 litteras
1035 637 1147 721 accepi
1166 638 1313 704 conditas
1333 639 1437 704 suavi·

289 747 372 825 tate,
396 742 514 827 quibus
537 765 589 808 me
612 743 781 808 certiorem
803 742 883 808 fecit
908 765 973 808 non
997 743 1076 807 alibi
1099 743 1231 827 plenum
1254 747 1438 830 exemplum

289 849 372 914 illud
396 848 529 913 mutilae
551 872 636 916 nunc
658 850 809 916 lamellae
831 847 932 935 (quod
957 871 1017 936 ego
1039 871 1056 914 e
1075 851 1202 916 schedis
1222 874 1281 917 ms.
1301 835 1437 918 alicuius

290 955 505 1020 bibliothecae
536 957 675 1039 petitum
709 954 921 1043 conieceram)
952 956 1017 1022 nisi
1045 957 1080 1022 in
1107 957 1173 1022 suis
1201 956 1305 1040 ipsius
1334 960 1436 1044 copiis

290 1061 506 1148 epigraphicis
535 1063 670 1128 servari:
704 1063 789 1147 quod
812 1062 897 1128 unde
925 1063 1083 1148 prodierit
1111 1067 1144 1128 et
1171 1064 1211 1129 ad
1239 1087 1273 1130 se
1298 1088 1363 1150 qua
1385 1067 1437 1132 via

289 1170 481 1254 pervenerit,
503 1191 569 1235 non
592 1170 672 1234 satis
696 1172 845 1236 accurate
869 1191 903 1235 se
923 1192 1023 1256 nunc,
1045 1171 1259 1256 plurimorum
1279 1195 1437 1240 annorum

289 1277 462 1342 intervallo
490 1277 675 1361 interiecto,
702 1277 877 1362 recordari,
910 1277 966 1342 sed
995 1277 1168 1363 diligenter
1190 1282 1378 1345 curaturum
1400 1286 1437 1345 ut

289 1383 457 1469 resciscat3
488 1382 526 1448 de
550 1383 611 1448 fide
639 1383 690 1448 vel
713 1387 846 1468 propter
875 1383 998 1468 figuras
1026 1385 1210 1450 litterarum
1239 1409 1374 1470 prorsus
1397 1387 1436 1452 ad

290 1511 413 1556 morem
437 1489 643 1574 antiquitatis
672 1489 777 1556 factas
805 1489 889 1554 nihil
919 1511 989 1556 ease
1011 1491 1224 1558 dubitationis
1247 1515 1357 1577 posse,
1383 1517 1436 1560 ne

290 1598 367 1663 dum
390 1595 485 1685 utJea
506 1597 585 1684 fingi
610 1619 629 1662 a
651 1619 813 1682 quoquam
836 1599 1002 1682 potuerint
1020 1599 1072 1664 vel
1090 1599 1193 1665 videri
1215 1601 1344 1684 possint
1361 1601 1437 1666 ficta

290 1727 370 1790 esse,
394 1705 529 1790 quaein
547 1705 673 1788 postica
690 1709 784 1789 parte
803 1705 963 1790 deperditi
982 1727 1067 1771 nune
1086 1707 1169 1772 aeris
1186 1707 1344 1792 inscripta
1362 1709 1436 1774 sint

289 1810 379 1877 Haec
401 1812 488 1876 enirn
512 1833 582 1876 esse
605 1811 688 1877 talia
710 1815 836 1877 narrat:

291 2687 402 2731 eruere
431 2663 576 2750 stulto,
609 2667 676 2732 v.9
706 2661 869 2734 ...1305
903 2666 1049 2733 dativum
1078 2668 1311 2754 ablativum,
1344 2693 1373 2736 v.
1395 2671 1438 2736 10

290 2770 398 2838 aIDIt
418 2823 425 2839 .
441 2824 447 2838 .
463 2823 470 2838 .
502 2772 607 2838 Versu
622 2778 730 2838 autem
745 2774 765 2838 6
781 2773 923 2857 positam
941 2769 966 2850 9
984 2775 1120 2859 figuram
1135 2797 1267 2859 prorsus
1280 2775 1439 2843 Graecam

292 2881 354 2945 etsi
373 2881 483 2964 paullo
502 2879 597 2945 eitius
612 2879 832 2971 Mommsenus
852 2880 936 2944 dixit
953 2881 1043 2947 nullo
1063 2882 1138 2947 dum
1159 2883 1305 2967 exemplo
1320 2881 1439 2950 Latino

292 2987 498 3050 observatam
517 3008 596 3062 esse,
614 2989 725 3050 tamen
743 2989 872 3069 praeter
891 2987 1056 3069 speculum
1070 2987 1280 3056 Berolinensa
1296 2991 1363 3056 tab.
1377 2990 1394 3056 1
1407 2993 1445 3057 F

293 3089 342 3171 [O.
356 3091 380 3155 Ι.
395 3090 430 3156 L.
448 3091 464 3155 1
483 3115 513 3157 n.
527 3091 596 3172 59],
619 3091 653 3155 in
672 3113 736 3175 quo
755 3095 806 3156 est
823 3088 1090 3169 talusvltlos
1109 3096 1281 3196 scriptum,
1303 3099 1440 3164 tertium

292 3198 475 3282 exemplum
493 3219 606 3265 revera
623 3199 765 3264 nondum
786 3198 935 3264 innotuit.
953 3237 989 3246 —
1012 3199 1163 3266 Ceterum
1182 3201 1220 3266 de
1239 3201 1300 3268 hac
1315 3203 1440 3268 tabella

292 3305 514 3389 quaestionem
538 3327 665 3372 omnem
690 3310 826 3390 apparet
853 3307 1073 3391 ampliandam
1097 3330 1166 3374 esse
1196 3314 1230 3374 et
1253 3315 1442 3394 exspectan·

291 3411 366 3476 dum
395 3413 423 3477 si
451 3413 527 3499 quid
556 3414 596 3479 ad
620 3413 834 3498 dispellendas
858 3413 1024 3498 tenebras,
1055 3415 1173 3500 quibus
1202 3417 1295 3502 origo
1323 3439 1439 3482 monu-

291 3520 393 3584 menti
416 3521 609 3606 obvolvitur,
634 3520 805 3586 scrutando
829 3521 1084 3606 inquirendoque
1108 3522 1276 3588 efficiatur.

789 3703 794 3707 1
814 3701 970 3708 -.——---

380 3841 541 3918 Quoniam
572 3842 605 3905 in
634 3841 832 3926 corrigendis
857 3841 1109 3928 supplendieque
1132 3843 1179 3907 eis
1203 3865 1327 3927 versor,
1355 3866 1440 3928 quae

291 3949 380 4034 prius
404 3947 574 4031 proposita
597 3951 686 4031 sunt,
715 3949 796 4014 libet
818 3948 880 4014 hac
903 3950 1146 4034 opportunitate
1173 3951 1222 4015 uti
1246 3949 1286 4014 ad
1310 3950 1439 4016 dubita·

290 4055 396 4119 tiones
420 4053 576 4136 quasdam
601 4057 688 4120 certo
712 4055 832 4121 iudicio
851 4055 1014 4122 tollendas
1036 4079 1117 4140 quae
1141 4057 1181 4121 ad
1205 4057 1333 4140 elogia
1357 4055 1440 4122 Sci-

290 4161 446 4244 pionum
476 4164 636 4245 spectant.
683 4161 771 4238 Quae
805 4185 877 4227 eum
910 4183 970 4248 ego
1003 4161 1037 4226 in
1064 4162 1098 4227 P.
1122 4163 1157 4228 L.
1172 4161 1223 4230 M.
1245 4163 1283 4228 Ε.
1315 4163 1440 4229 tabulis

291 4265 585 4332 XXXVII-XLII
605 4271 726 4352 quanta
740 4289 870 4352 possem
891 4269 952 4333 fide
972 4270 1012 4334 ad
1032 4274 1150 4354 ectypa
1164 4268 1336 4334 chartacea
1354 4292 1440 4354 quae

221 4395 278 4436 xrx
291 4377 363 4438 tum
385 4374 420 4438 in
442 4375 594 4458 promptu
622 4377 715 4438 erant
743 4375 985 4458 expressissem,
1014 4398 1080 4441 non
1106 4376 1265 4462 neglectis
1292 4377 1440 4461 quaeda

292 4480 427 4567 singulis
456 4479 649 4566 quibusdam
681 4481 778 4546 rebus
807 4479 985 4546 sciscitanti
1013 4483 1095 4548 mihi
1123 4482 1285 4548 Bruanius
1312 4481 1439 4548 Hence·

1583 959 1584 994 l

1583 1049 1584 1096 i

1583 1935 1584 1988 t

1583 2063 1584 2116 l

289 2555 341 2622 Ex
364 2557 415 2624 his
439 2559 566 2625 miseris
591 2560 821 2625 vocabulorum
843 2559 990 2645 reliquiis
1013 2561 1197 2626 nonfuerit
1214 2562 1345 2628 difficile
1368 2565 1437 2630 v.8

1583 4431 1584 4472 l
