3116 5066
267 403 329 467 142
543 418 763 466 nonvnanra
786 415 1024 464 amannrnrcn
1047 419 1138 465 ram.

716 760 865 820 OAPVT
892 762 955 822 ΙΙΙ.

498 899 561 964 Du
584 896 867 965 VOCALIBVS
895 897 1173 965 GEMINATIS

450 1022 618 1100 Dnuvn
647 1021 681 1088 L.
704 1023 854 1090 necle
882 1021 1223 1090 GRAMMATICO.

351 1202 563 1269 Tralaticium
595 1207 646 1267 est
677 1203 860 1288 geminasse
893 1203 1063 1269 scribendo
1095 1205 1220 1268 veteres
1243 1203 1412 1270 Romanos

264 1335 344 1397 quas
371 1311 500 1377 vocales
523 1310 718 1376 enuntiando
745 1311 967 1395 producerent.
1012 1311 1080 1377 Nec
1111 1311 1229 1376 mirum
1252 1311 1413 1376 creditum

263 1419 297 1483 id
315 1441 385 1484 esse
404 1441 423 1482 a
440 1417 602 1503 plerisque
622 1418 782 1504 omnibus
806 1440 878 1484 cum
902 1419 1008 1502 ipsum
1023 1417 1278 1495 Quinctilianum
1303 1422 1414 1483 aucte

263 1547 332 1590 rem
355 1525 513 1590 haberent
540 1525 586 1589 sic
609 1527 782 1589 testantem
805 1524 884 1610 1,4,
906 1525 958 1590 1οε
986 1530 1021 1590 at
1041 1545 1119 1608 qaae
1140 1529 1176 1589 at
1196 1525 1319 1590 meotes
1342 1527 1412 1590 iaa-

259 1638 387 1718 pcmtar,
417 1637 475 1697 aut
500 1653 597 1696 auam
625 1633 749 1716 tanqam
773 1633 907 1716 summat,
939 1637 974 1698 ut
1002 1637 1115 1698 secares
1141 1631 1333 1714 emmeram
1359 1633 1413 1714 qui

195 1719 204 1734 ⁸
260 1741 510 1824 pemiaatioae
541 1760 667 1805 carum
695 1739 798 1803 aetat
823 1740 927 1821 apice
957 1739 1170 1818 utebantur,
1202 1743 1259 1803 aut
1280 1739 1364 1804 duas
1386 1761 1411 1802 e.

263 1869 292 1932 q.
311 1847 374 1934 s?*)
403 1851 436 1914 et
459 1849 625 1932 aliquanto
649 1845 748 1910 etiam
771 1845 899 1929 planius
922 1845 1000 1930 1‚7,
1022 1847 1075 1910 14:
1103 1846 1299 1912 semiuocalcs
1318 1848 1412 1930 perai-

262 1975 339 2019 uara
360 1956 415 2020 diu
437 1976 501 2020 acm
525 1954 590 2036 fait
614 1953 813 2018 usitatissimi
839 1955 948 2031 mores,
975 1957 1106 2036 atquae
1132 1953 1288 2018 contrario
1317 1975 1411 2036 usqae

263 2062 306 2126 ad
330 2063 459 2126 Accium
490 2067 518 2125 ct
546 2061 630 2126 uttm
656 2065 849 2143 porrectas
879 2059 1046 2146 syllabas
1078 2061 1238 2142 pectinis
1273 2065 1312 2125 at
1344 2061 1412 2126 diat

263 2167 455 2234 uocatitas
476 2170 708 2252 scripserant
732 2169 778 2248 [et
801 2165 1128 2232 Priscianum·instit.
1143 2165 1217 2251 VII,
1233 2168 1274 2232 14
1298 2191 1331 2252 p.
1347 2169 1410 2234 736

263 2274 297 2340 Ρ.
319 2275 425 2358 tempas
447 2277 566 2342 uocatm
588 2276 787 2342 uetustissimi
806 2276 964 2359 peruicere
985 2273 1135 2350 soletum
1161 2273 1202 2338 15
1225 2297 1257 2359 p.
1271 2275 1337 2340 737
1362 2295 1410 2340 ac-

264 2383 426 2448 tmtissimi
445 2404 504 2466 pro
525 2405 591 2449 aaa
614 2383 705 2468 trapa
727 2383 828 2448 macuti
850 2383 985 2448 sotebant
1006 2383 1086 2447 decas
1106 2381 1257 2464 scriberet
1295 2381 1410 2468 Itaque
1542 2431 1543 2450 t

263 2511 336 2554 eum
370 2495 498 2575 praeter
529 2490 664 2557 Accium
701 2491 736 2558 in
767 2490 878 2556 eadem
915 2512 1030 2556 caussa
1059 2489 1157 2554 etiarn
1189 2489 1274 2554 Livii
1313 2493 1411 2574 sique
1542 2543 1543 2548 ,

262 2596 381 2663 Naevii
413 2600 610 2665 mentionem
638 2599 758 2664 factam
786 2619 806 2662 a
833 2595 937 2662 Mario
964 2593 1133 2662 Victorino
1164 2596 1338 2682 vidissent,
1371 2596 1411 2662 ad

263 2727 357 2790 quem
379 2709 559 2771 revertetur
582 2706 700 2790 oratio,
733 2705 818 2770 bona
845 2704 906 2768 fide
934 2703 1221 2788 grammat-icarum
1244 2705 1317 2790 filii,
1345 2725 1408 2770 ser·

263 2835 355 2877 vasae
379 2811 565 2896 geminandi
584 2811 847 2876 consuetudinem
860 2809 988 2876 Livium
1001 2809 1034 2875 N
1035 2811 1163 2875 aerium
1178 2812 1322 2898 Accium,
1345 2834 1409 2878 cer·

263 2919 358 2984 tatim
382 2918 531 2982 adhunc
554 2939 655 3002 usque
678 2917 763 2982 diem
787 2918 1023 3003 scriptitavere,
1046 2918 1142 3002 inque
1165 2917 1216 2982 his
1241 2919 1302 2984 viri
1328 2921 1409 3005 opti-

263 3026 321 3110 mi,
346 3025 433 3090 velut
456 3047 536 3109 quos
559 3023 692 3090 honoris
716 3045 830 3090 caussa
853 3026 996 3109 nomino,
1018 3023 1063 3091 Io.
1087 3021 1159 3090 Ger.
1179 3024 1317 3093 Vossius
1337 3027 1409 3093 Ari-
1472 3062 1474 3075 ι

264 3132 385 3198 starchi
412 3132 458 3218 II,
484 3133 524 3197 12
557 3135 590 3196 et
617 3130 712 3199 Conr.
734 3133 832 3219 Leop.
857 3132 1069 3199 Schneiderus
1097 3155 1233 3218 gramm.
1262 3134 1278 3199 I
1301 3158 1334 3220 p.
1357 3135 1409 3200 96.

264 3239 386 3306 Verum
409 3241 494 3305 enim
516 3261 593 3306 uero
617 3240 786 3324 quidesse
813 3240 894 3326 illud
920 3240 1078 3324 dicamus,
1110 3223 1196 3324 quiod
1219 3244 1288 3305 tam
1312 3243 1408 3307 certis

223 3371 249 3409 aa
263 3355 300 3414 ut
322 3349 427 3414 visum
450 3351 500 3414 est
523 3347 718 3415 testimoniis
741 3348 814 3434 ipsa
837 3351 1045 3413 monumenta
1067 3351 1250 3434 repugnant
1267 3352 1305 3412 ut
1324 3347 1408 3434 quod

263 3457 423 3522 maxime?
459 3455 546 3523 Nam
569 3457 732 3530 utdicam
756 3455 842 3541 quod
865 3476 916 3521 res
939 3459 997 3540 est,
1019 3477 1060 3520 ne
1083 3478 1181 3520 unum
1202 3455 1332 3539 quidem
1355 3477 1406 3542 ge·

263 3564 406 3629 minatae
433 3563 554 3629 uocalis
582 3565 764 3648 exemplum
795 3564 847 3628 vel
874 3563 970 3628 certis
997 3563 1198 3648 temporibus
1225 3560 1333 3628 factae
1361 3563 1407 3628 in-
1459 3615 1466 3622 .

264 3672 454 3756 sumptiones
487 3671 607 3737 saeculi
644 3670 726 3736 sexti
762 3673 959 3754 monstrant,
994 3669 1046 3735 vel
1083 3691 1194 3734 earum
1233 3669 1406 3736 multitudo

262 3783 409 3864 praestat
438 3801 520 3865 quae
550 3779 619 3844 sine
646 3783 807 3844 certorum
835 3799 993 3843 annorum
1025 3776 1145 3843 indicio
1176 3799 1196 3843 a
1224 3778 1338 3862 quinto
1367 3775 1407 3842 cd

265 3888 438 3972 septimum
471 3887 633 3953 saeculum
664 3885 844 3970 pertinent:
880 3885 943 3950 hoc
972 3887 1035 3969 est,
1070 3884 1194 3950 nullam
1226 3873 1405 3968 perillam

352 4100 378 4170 *)
398 4100 557 4170 Sequuntur
575 4098 657 4154 haee:
682 4099 740 4154 atsi
757 4098 819 4168 qais
832 4101 917 4166 putat
934 4097 1016 4151 etiam
1035 4111 1068 4151 ec
1086 4095 1174 4151 tritus
1191 4097 1334 4153 aocazma
1352 4095 1405 4168 syt-

263 4187 355 4244 tatam
371 4191 440 4258 fieri,
457 4191 484 4246 si
500 4205 557 4244 moa
575 4189 684 4260 aliquae
702 4189 793 4256 officio
812 4187 1020 4242 commeantium
1033 4186 1197 4255 [aequatur.
1226 4183 1332 4250 Quibus
1345 4201 1405 4241 ver·

263 4277 306 4332 bis
323 4277 383 4334 fieri
401 4281 496 4350 potest
513 4281 546 4334 ut
563 4279 630 4334 illuc
648 4277 796 4349 spectarit,
820 4276 895 4346 quod
914 4291 1011 4345 reapse
1034 4292 1084 4344 per
1107 4275 1222 4345 aliquod
1241 4277 1352 4345 tempus
1370 4274 1404 4330 de

264 4369 352 4436 certa,
380 4370 518 4438 utsupra
540 4367 660 4435 conieci,
687 4366 814 4422 doctrina
836 4365 957 4435 quadam
980 4365 1041 4419 nal
1065 4365 1198 4436 seriptum
1221 4367 1265 4420 est
1286 4381 1338 4434 pro
1357 4361 1404 4418 aa

263 4457 309 4514 vel
327 4455 374 4510 nl.
407 4455 583 4526 [accuratius
602 4455 636 4511 de
656 4471 689 4510 aa
706 4471 735 4510 re
755 4453 884 4525 exposuit
898 4453 1068 4509 Ritschelius
1083 4453 1170 4510 Musei
1185 4453 1271 4510 Rhea.
1291 4458 1312 4509 t
1327 4451 1403 4510 XXII

263 4564 290 4615 p,
306 4551 357 4599 613
378 4569 410 4590 =
430 4544 529 4614 Opusc.
549 4545 587 4598 111
605 4563 632 4614 p.
648 4549 707 4600 726.
745 4543 774 4600 0.
789 4543 845 4615 W.]
