3246 5082
303 325 367 391 284
624 344 671 391 na
696 343 893 392 sicrrmavs
918 343 1125 391 arrraaarrs

278 485 464 570 ‘profectus
488 509 508 550 a
530 488 710 571 nequitia
734 509 819 571 voce,
843 509 938 572 quam
962 487 1126 552 nonsatis
1150 489 1221 550 tuto
1244 485 1316 549 duci
1341 505 1362 546 a
1384 503 1447 545 ne-

300 615 411 676 quam
435 590 551 676 videri,
578 591 631 656 hio
654 595 911 675 permutatarum
934 614 950 657 c
973 596 1005 656 et
1026 614 1068 674 qu
1091 593 1272 658 litterarum
1296 588 1444 672 exemplo

300 721 376 764 usus
401 698 491 762 urbis
513 699 643 763 nomine
666 699 889 783 Aeclanum,
916 699 950 763 in
975 699 1160 783 Aequitia
1183 699 1321 764 formam
1344 695 1444 762 trala-

300 805 396 870 ticiae
424 804 613 891 Aequitas
642 805 796 872 vicariam
828 809 963 890 uterque
994 805 1176 871 inciderunt
1207 811 1303 890 atque
1337 819 1444 878 meum

301 917 388 978 certe
421 934 588 978 assensum
621 912 696 978 ilico
729 913 883 978 tulerunt.
942 912 1044 990 Quem
1075 913 1171 998 longe
1203 909 1445 985 evidentissima

300 1020 426 1086 ratione
454 1019 621 1104 confirmo,
654 1019 875 1103 exemplorum
903 1019 1126 1084 multitudine
1142 1021 1267 1084 affatim
1299 1037 1442 1099 compro·

300 1127 386 1190 bata.
433 1124 559 1210 Quippe
587 1147 652 1190 non
679 1125 775 1190 aliter
807 1127 981 1210 aequitia
1014 1132 1047 1192 et
1079 1126 1260 1210 aequitas
1293 1123 1443 1188 differunt

300 1237 397 1317 atque
416 1232 561 1297 duritia
579 1232 632 1296 vel
651 1232 815 1297 durities
839 1237 872 1297 et
890 1233 1055 1316 duritas,
1074 1233 1256 1319 [pigritia
1274 1234 1307 1295 et
1321 1228 1443 1314 pigri·

300 1340 389 1420 tas],
421 1339 591 1422 planitia
618 1339 808 1422 planities
837 1344 870 1404 et
897 1340 1082 1424 planitas,
1114 1338 1289 1424 segnitia
1315 1335 1444 1419 segni·

300 1445 375 1509 ties
399 1448 432 1509 et
455 1446 644 1530 segnitas,
667 1445 839 1510 tristitia
866 1447 1059 1511 tristities
1087 1450 1120 1510 et
1146 1445 1340 1526 tristitae,
1364 1463 1443 1506 sae·

300 1551 398 1616 vitia
421 1555 454 1616 et
477 1552 648 1636 posteriori
672 1554 772 1618 aetati
795 1553 968 1638 probatum
993 1553 1180 1634 saevitas,
1202 1549 1389 1614 tardities
1413 1551 1446 1612 et

300 1657 482 1740 tarditas,
505 1659 690 1724 vastities
714 1664 747 1725 et
770 1659 948 1724 vastitas.
982 1657 1125 1734 Quorum
1149 1661 1185 1722 ut
1202 1655 1357 1742 quaedam
1380 1659 1444 1719 ter·

299 1764 379 1828 tiam
398 1764 538 1830 formam
558 1766 720 1831 asciscunt
738 1769 773 1832 in
796 1765 887 1831 tudo
910 1765 1131 1848 terminatam,
1155 1763 1339 1828 duritudo
1362 1763 1446 1846 pla-

299 1871 436 1936 nitudo
464 1871 670 1937 tristitudo
699 1873 902 1938 saevitudo
931 1870 1134 1936 tarditudo
1164 1869 1374 1952 vastitudo,
1398 1869 1447 1933 ita

300 1977 452 2061 progredi
476 1979 693 2061 comparando
717 1979 829 2044 licebit
853 1979 892 2043 ad
916 1979 1063 2043 canitia
1093 1977 1258 2042 canities
1286 1979 1319 2040 εὴ
1342 1977 1447 2040 eani-

300 2083 406 2166 tudo,
430 2083 600 2148 mollitia
628 2085 817 2151 mollities
842 2089 874 2150 et
896 2084 1116 2166 mollitudo,
1140 2082 1338 2168 pinguitia
1361 2081 1445 2165 pin·

249 2263 253 2276 ,
300 2189 445 2273 guities
474 2194 507 2254 et
530 2190 777 2275 pinguitudo,
804 2192 965 2257 laetitia
993 2195 1026 2255 et
1053 2188 1260 2271 laetitudo,
1287 2188 1446 2253 maesti·
1499 2231 1505 2236 -

299 2296 356 2360 tia
386 2299 419 2361 et
447 2296 697 2363 maestitudo:
729 2299 764 2363 in
792 2298 909 2383 quibus
937 2320 1014 2363 casu
1042 2299 1163 2362 factum
1192 2293 1278 2380 quod
1309 2295 1447 2359 alteram

299 2402 438 2468 formam
466 2404 500 2469 in
528 2407 588 2469 tas
617 2409 786 2470 exeuntem
815 2409 871 2471 aut
898 2427 963 2471 non
987 2404 1138 2490 probavit
1164 2403 1277 2487 lingua
1300 2405 1446 2468 autnon

301 2512 444 2576 servavit
466 2511 630 2578 memoria.
675 2511 745 2578 Nec
768 2513 809 2578 ab
833 2512 944 2578 eodem
973 2532 1089 2596 genere
1117 2509 1237 2593 aliena,
1265 2508 1364 2574 immo
1387 2533 1446 2594 pn·

300 2618 373 2684 sillo
397 2619 567 2685 intervallo
591 2620 768 2684 remotiora
794 2618 875 2683 haec
899 2621 987 2682 sunt:
1016 2616 1219 2700 opulentia
1247 2615 1445 2699 opulenti·

299 2729 375 2808 tas,
398 2725 594 2791 discordia
623 2724 873 2807 discordibus,
897 2723 1102 2807 pauperies
1131 2726 1353 2807 paupertas,
1377 2723 1446 2787 mi·

300 2831 403 2895 seria
426 2831 671 2914 miseritudo,
695 2835 728 2896 et
750 2829 859 2914 paullo
879 2829 1009 2915 longius
1027 2829 1178 2895 recedens
1201 2831 1446 2924 paenitentia

300 2937 525 3021 poenitudo:
553 2941 590 3002 ut
618 2943 742 3002 taceam
770 2937 962 3022 pervulgata
989 2937 1054 3006 ills
1074 2937 1268 3022 puleritas
1300 2937 1445 3022 pulcri-

300 3043 405 3128 tudo,
429 3046 629 3110 temeritas
657 3045 903 3128 temeritudo,
927 3067 1027 3128 prope
1051 3045 1306 3110 innumerabilia.
1350 3045 1444 3110 Nihil

301 3153 351 3214 est
373 3149 475 3234 igitur
497 3173 553 3216 cur
576 3173 641 3216 non
669 3153 812 3235 potuerit
840 3153 938 3216 etiam
966 3153 1007 3216 ab
1037 3173 1073 3215 eo
1102 3151 1188 3236 quod
1220 3155 1271 3216 est
1300 3173 1443 3237 aequos

300 3256 370 3320 fieri
393 3258 579 3341 aequitio:
604 3263 701 3345 atque
719 3259 841 3324 factum
861 3281 940 3342 esse,
962 3258 1143 3324 contrariae
1162 3257 1306 3324 notionis
1326 3280 1442 3324 nomen

299 3364 488 3449 nequitia,
510 3365 574 3430 nisi
598 3367 706 3431 omnia
730 3365 863 3448 fallunt,
890 3364 1034 3431 ostendit
1056 3365 1253 3449 planissime.
1299 3364 1391 3442 Quod
1415 3365 1441 3430 si

300 3493 320 3534 a
342 3493 502 3556 nequam
531 3474 663 3558 ducunt,
692 3473 775 3539 unde
798 3473 928 3538 tandem
950 3473 1012 3537 hoc
1035 3471 1168 3556 ipsum?
1206 3469 1333 3556 Nempe
1356 3495 1376 3536 a
1397 3493 1442 3536 ne

299 3578 461 3662 particula
486 3579 639 3663 negativa
668 3585 701 3644 et
727 3580 857 3644 relativi
885 3578 1084 3663 pronominis
1117 3579 1300 3643 accusativo
1334 3601 1442 3663 quam

300 3685 514 3767 compositum
551 3687 673 3751 volunt.
728 3687 756 3750 Ε
785 3686 901 3770 quibus
934 3687 1082 3770 partibus
1116 3685 1276 3770 quomodo
1314 3687 1442 3770 prodire

299 3789 431 3876 propria
463 3811 623 3873 nequam
656 3792 805 3857 vocabuli
834 3793 925 3858 notio
956 3793 1111 3877 potuerit,
1144 3793 1206 3857 etsi
1235 3815 1301 3858 non
1333 3795 1442 3876 inepta

299 3897 545 3962 ratiocinatione
582 3897 802 3963 demonstrare
839 3897 1050 3964 Doederlinua
1085 3897 1202 3983 Synon.
1235 3904 1268 3963 et
1300 3904 1397 3983 etym.
1426 3899 1441 3965 I

258 4025 282 4063 ar
299 4028 329 4088 p.
348 4005 392 4068 54
407 4025 475 4088 sqq.
498 4003 648 4086 instituit,
671 4007 781 4068 tamen
799 4027 858 4070 nec
877 4006 1038 4071 exclusam
1058 4026 1127 4069 esse
1146 4005 1245 4070 aliam
1265 4006 1442 4090 explicandi

299 4111 386 4175 viam
409 4109 515 4194 video,
542 4131 600 4175 nec
623 4111 704 4176 illud
726 4113 941 4195 probabiliter
968 4113 1152 4197 expeditum
1176 4113 1231 4196 qui
1254 4111 1374 4178 factum
1399 4115 1443 4178 sit

300 4221 348 4294 ut,
372 4237 444 4281 cum
469 4239 545 4281 sane
569 4217 603 4282 in
626 4217 771 4283 adverbii
795 4241 888 4284 usum
908 4240 1080 4284 conversus
1104 4241 1215 4303 quam
1238 4221 1441 4284 accusativus

299 4323 431 4388 minime
459 4323 655 4390 destituatur
683 4325 849 4412 analogia,
879 4331 988 4390 tamen
1016 4345 1032 4389 e
1060 4325 1120 4390 tali
1148 4325 1313 4402 adverbio,
1340 4347 1440 4409 eoque

172 4505 177 4520 ι
298 4451 363 4496 non
387 4430 429 4496 ab
453 4430 609 4498 adiectivo
638 4432 733 4499 ducto
761 4431 817 4498 sed
845 4455 864 4496 a
891 4432 1093 4516 pronomine,
1125 4454 1253 4497 rursum
1281 4431 1442 4498 declinata
