3246 5082
314 351 379 415 314
747 371 794 418 nu
819 373 906 418 rura
926 375 1029 418 rsuun

313 532 382 576 esse
406 516 694 578 commemoratum
717 513 925 596 coniecimus,
952 513 984 578 id
1009 514 1094 598 quod
1122 513 1362 597 simplicissime
1384 513 1456 578 fieri

265 633 298 674 1v
313 617 375 683 hoc
390 620 538 703 exemplo
553 619 673 703 potuit:
698 619 746 686 ‘is
767 619 856 686 tomo
878 622 973 686 idem
991 622 1189 704 amasiam
1204 620 1246 702 [et
1258 620 1457 703 einamma

312 730 340 788 el
356 725 537 807 pluraliter]
559 726 653 807 facit·
676 728 741 792 uisi
759 729 842 810 quod
858 727 972 794 Caesar
995 778 1055 793 ...
1080 727 1183 812 ipsius
1206 726 1330 792 formae
1354 726 1456 791 direr-

313 830 409 895 sitate
433 835 604 916 utrumque
626 855 795 898 numerum
815 834 1030 900 discriminari
1054 832 1168 900 iussit'
1211 831 1298 899 Nam
1321 833 1456 918 pluralis

312 936 440 1019 quidem
472 941 526 1004 vix
557 940 665 1023 potuit
693 940 792 1006 uliam
821 940 961 1006 formam
989 939 1157 1006 Charisius
1184 961 1365 1024 proponere
1392 941 1456 1006 nisi

312 1065 393 1128 quae
417 1045 562 1111 illisum
586 1047 744 1132 singulari
768 1048 947 1113 communis
966 1048 1036 1114 fuit.
1074 1047 1178 1124 Quam
1202 1046 1288 1112 enim
1312 1047 1455 1131 potuisse

312 1151 480 1216 censebis?
521 1154 649 1237 quando
682 1155 797 1220 iidem
832 1155 979 1220 formam'
1008 1154 1170 1239 posterior
1201 1153 1329 1218 demum
1366 1158 1455 1219 aetus

312 1255 455 1340 admisit,
483 1259 605 1324 eidem
629 1266 737 1327 autem
761 1267 877 1347 suapte
899 1266 1017 1328 natura
1038 1261 1124 1328 nihil
1146 1261 1254 1326 differt
1276 1261 1318 1325 ab
1343 1260 1457 1340 idem,

312 1363 367 1428 sed
391 1365 433 1429 ab
455 1364 517 1431 hoc
541 1368 642 1432 solius
666 1369 844 1452 scripturae
868 1370 1025 1434 varietate
1050 1369 1164 1434 distat:
1188 1371 1232 1451 ut,
1255 1369 1455 1454 utricumque

312 1492 445 1536 numero
475 1469 594 1538 Caesar
625 1475 723 1540 idem
754 1476 891 1541 formum
924 1477 1052 1555 tribuit,
1089 1476 1192 1541 eidem
1225 1475 1325 1540 tacite
1358 1475 1455 1540 etiarn

313 1577 435 1644 eidem
459 1579 623 1645 tribueret.
661 1580 734 1647 Nisi
757 1582 843 1666 quod
866 1582 950 1647 inter
972 1581 1179 1666 trisyllabum
1204 1602 1281 1645 sane
1305 1583 1338 1644 et
1360 1580 1454 1665 disyl-

311 1684 421 1749 labum
453 1686 574 1751 eidem
607 1689 822 1753 certissimum
854 1687 1027 1754 discrimen
1060 1687 1241 1752 intercedit:
1279 1687 1334 1752 sed
1367 1687 1455 1752 cuius

304 1769 402 1856 ¹nulla
428 1815 561 1878 prorsus
585 1795 618 1860 in
643 1792 784 1860 Charisii
813 1795 1000 1860 testimonio
1029 1793 1222 1880 significatio
1251 1792 1317 1858 fiat.
1365 1791 1456 1858 Vnde

311 1899 373 1964 hoc
396 1921 463 1964 non
486 1921 581 1984 posse
604 1901 670 1967 tale
692 1901 793 1967 fuisse
816 1902 1031 1986 intellegitur:
1060 1903 1093 1966 ia
1114 1900 1203 1966 homo
1227 1901 1320 1965 idem
1342 1921 1456 1983 canpe

310 2007 406 2070 situm
426 2008 517 2090 fucit,
547 2011 589 2088 [et
610 2009 642 2072 cl
665 2006 729 2095 (vel
752 2009 784 2094 i)
807 2009 943 2075 homiues
965 2010 1107 2089 uiderat]
1136 2009 1201 2074 arsi
1222 2009 1304 2089 quod
1330 2029 1356 2072 e.
1380 2030 1409 2092 q.
1433 2029 1456 2072 a

311 2109 397 2176 Nam
420 2112 500 2178 haec
524 2113 552 2177 si
575 2114 707 2196 putabis
731 2115 772 2179 ab
797 2115 863 2180 illis
887 2115 990 2199 excipi
1009 2114 1168 2198 potuisse,
1198 2113 1313 2198 quibus
1337 2111 1457 2178 Caesar

311 2222 463 2284 narratur
485 2224 599 2286 contra
618 2221 757 2286 suasisse
777 2222 986 2310 singulariter
1006 2221 1127 2286 dictum
1150 2219 1265 2303 idem,
1286 2221 1458 2305 pluraliter

311 2325 443 2408 isdem,
481 2326 557 2410 quid
591 2328 721 2393 omnino
754 2341 837 2412 opus
870 2332 941 2394 erat
971 2329 1091 2393 iterata
1124 2326 1298 2412 singularis
1331 2329 1456 2392 numeri

310 2433 483 2518 mentione,
506 2455 578 2499 cum
602 2435 682 2500 satis
706 2439 792 2500 esset
814 2434 876 2500 dici
899 2437 963 2502 uisi
984 2436 1065 2517 quod
1081 2433 1196 2500 Caesar
1216 2434 1384 2516 pluraliler
1405 2435 1455 2500 is-

310 2543 387 2607 dem
409 2542 570 2608 diceudum
592 2545 755 2626 coufirurct
779 2529 843 2608 —l
882 2544 928 2607 At
950 2541 1088 2607 fumasse
1111 2563 1176 2607 nou
1199 2540 1262 2606 hcc
1285 2541 1394 2625 potius
1417 2541 1455 2606 de

311 2646 461 2714 Caesaris
485 2650 620 2715 consilio
644 2647 812 2715 Charisius
836 2649 970 2715 tradidit
992 2670 1089 2732 quam
1112 2647 1192 2712 illud
1209 2647 1295 2732 quod
1320 2649 1455 2714 alteram

311 2758 397 2822 viam
425 2779 523 2840 supra
550 2756 764 2842 significatam
793 2756 947 2821 insistens
974 2753 1191 2838 Nipperdeius
1219 2756 1455 2822 commendavit

310 2886 342 2947 p.
362 2863 435 2947 757,
467 2864 518 2927 cui
546 2863 697 2927 turbatus
725 2863 849 2928 scilicet
876 2885 896 2926 a
923 2861 1066 2926 librariis
1100 2859 1178 2925 ordo
1205 2861 1378 2928 verborum
1409 2865 1455 2928 sic

311 2991 381 3034 esse
409 2967 623 3032 emendandus
656 2967 744 3033 visus
778 2973 840 3032 est:
878 2968 941 3032 uisi
972 2968 1047 3049 quia
1074 2965 1189 3033 Cacsar
1220 2969 1297 3034 libro
1327 2972 1454 3036 suardo

311 3077 405 3140 idem
427 3073 603 3157 pluraliter,
635 3073 836 3157 singulariter
862 3075 977 3139 isdem
1008 3074 1170 3140 (luendum
1197 3076 1365 3157 confluunt.
1410 3075 1456 3141 Et

311 3183 359 3247 ita
382 3180 510 3267 quidem
533 3181 701 3246 fatendum
725 3185 775 3246 est
798 3179 881 3246 nihil
907 3180 948 3246 ad
972 3203 1084 3246 sanam
1107 3181 1268 3247 rationem
1291 3181 1453 3268 cogitandi

311 3287 495 3372 desiderari,
518 3289 556 3372 si,
579 3290 752 3373 postquam
777 3287 932 3374 singulari
958 3309 1092 3354 numero
1115 3287 1214 3353 idem
1239 3289 1454 3374 compositum

310 3397 380 3462 fieri
408 3397 449 3462 ab
477 3395 509 3460 is
537 3393 768 3480 grammaticus
801 3393 895 3478 dixit,
928 3415 1000 3459 eam
1031 3394 1169 3460 formam
1200 3395 1310 3480 potius
1336 3395 1455 3479 plurali

311 3501 482 3570 Caesarem
506 3523 661 3586 servasse,
685 3501 840 3587 singulari
862 3501 1018 3567 tribuisse
1040 3501 1162 3566 isdem
1186 3501 1319 3566 addidit.
1359 3499 1454 3566 Etsi

309 3609 394 3698 ferte
416 3609 541 3693 mirere,
563 3607 645 3673 illud
668 3630 725 3674 cur
747 3609 877 3673 omnino
901 3629 1017 3691 operae
1040 3607 1180 3692 pretium
1207 3607 1333 3674 duxerit
1356 3607 1453 3673 adno-

310 3721 380 3782 tare
395 3713 572 3798 Charisius,
594 3713 783 3798 responderi
801 3717 910 3798 potest
927 3719 1062 3798 propter
1084 3715 1117 3780 id
1139 3715 1249 3799 ipsum
1271 3713 1395 3795 fecisse,
1417 3720 1454 3780 ut

310 3823 386 3888 hinc
410 3822 449 3887 ad
474 3818 623 3886 Caesaris
646 3824 851 3905 praeceptum
875 3820 1007 3905 dignum
1035 3843 1113 3887 sane
1136 3824 1252 3888 notatu
1275 3821 1454 3905 proficisce-

310 3934 408 3995 retur.
444 3927 535 4013 Ergo
558 3925 592 3992 in
615 3947 683 3992 rem
706 3927 811 4011 ipsam
829 3928 1056 4012 inquirendum
1080 3933 1131 3994 est
1154 3933 1196 4013 et,
1218 3951 1296 3994 num
1318 3930 1362 3994 sit
1379 3951 1452 4014 pro-

310 4036 418 4102 babile
442 4033 653 4118 singulariter
682 4033 802 4099 isdem
830 4033 891 4099 dici
916 4031 1086 4101 Caesarem
1111 4035 1253 4120 iussisse,
1277 4037 1452 4122 expenden-

310 4143 395 4208 dum.
440 4139 489 4205 De
513 4162 576 4226 quo
600 4140 737 4205 nimium
761 4139 899 4206 diximus
929 4163 1000 4207 cum
1024 4141 1071 4207 sie
1095 4142 1173 4208 olim
1196 4141 1409 4210 iudicavimus
1433 4145 1452 4209 l.

311 4273 335 4315 s.
355 4271 378 4313 s.
401 4270 432 4331 p.
452 4247 495 4312 20
518 4248 631 4334 [supra
648 4271 680 4333 p.
701 4249 792 4332 139]:
816 4247 875 4314 ‘ita
893 4248 1022 4334 quidem
1045 4271 1182 4315 novasse
1197 4249 1318 4316 Caesar
1336 4251 1375 4316 de
1394 4273 1451 4316 suo

310 4353 488 4422 credendus
512 4356 568 4442 sit,
592 4358 678 4442 quod
702 4357 858 4422 usitatum
878 4357 944 4422 ullo
964 4360 1109 4442 tempore
1128 4357 1227 4424 fuisse
1246 4357 1451 4444 ignoremus?

311 4463 402 4541 Quod
426 4483 496 4528 eam
520 4461 554 4528 in
576 4468 703 4548 partem
728 4465 834 4532 valere
858 4463 1045 4530 volebamus
1069 4468 1115 4550 ut,
1143 4465 1270 4533 etiamsi
1294 4488 1333 4532 ex
1359 4464 1393 4534 is
1420 4471 1453 4534 et
