3116 5066
427 373 614 420 urnrnarvu
639 373 891 421 eorrnurruvu.
1166 357 1227 422 127

114 515 211 580 circiter
230 515 292 602 CL,
317 517 386 584 licet
406 537 470 582 aaa
491 522 641 600 appareat
662 517 698 582 c'rc
720 515 943 599 [accipiam
974 516 1045 597 ficri
1061 521 1172 598 potest,
1195 521 1231 582 at

113 642 201 688 rocca
228 626 289 690 cicer
321 625 431 689 titteris
454 625 674 710 praedicabas
704 625 740 688 ia
767 624 830 688 atto
857 643 1011 689 ccarcccorc
1040 625 1230 706 resecatum

112 728 188 807 secra
204 736 230 796 ct
248 731 318 798 talc
339 731 630 814 capecmpoaacm?
664 731 734 796 Hoc
758 729 895 816 quidem,
918 730 1004 815 quod
1023 732 1138 797 ultimo
1157 734 1228 799 loco

114 834 187 918 dixit,
212 839 287 904 satis
310 838 540 924 probabiliter,
564 837 738 922 eademque
760 836 955 903 Mommseni
979 840 1141 904 sententia
1164 843 1228 924 est3

113 943 212 1028 reliqua
232 945 290 1012 hoc
318 946 517 1031 perversius,
547 944 631 1028 quod
659 966 700 1008 ne
728 943 791 1009 fuit
818 945 947 1029 quidem
971 943 1083 1012 Gallus
1110 969 1229 1034 cogno·

113 1049 181 1116 uine
197 1050 244 1116 Μ’.
257 1053 419 1138 Aquillius
442 1052 505 1136 ille,
529 1075 601 1117 cum
621 1050 656 1117 O.
670 1050 775 1117 Mario
800 1052 912 1118 consul
936 1074 1022 1118 anno
1037 1053 1111 1138 653,
1134 1075 1229 1140 quem

112 1160 308 1237 proconsulem
331 1160 367 1226 in
384 1157 496 1225 Sicilia
514 1159 637 1226 bellum
657 1159 772 1226 servile
791 1159 968 1225 confecisse
982 1157 1067 1225 Livii
1091 1161 1230 1244 epitome
1341 1174 1345 1184 “

112 1264 226 1332 matur
247 1268 266 1332 l.
288 1265 408 1332 LXIX:
439 1265 472 1332 id
496 1266 581 1351 quod
605 1264 758 1332 Gozzium
780 1269 817 1332 ut
840 1265 905 1331 sibi
931 1266 1140 1350 persuaderet
1162 1289 1229 1332 rno-

112 1370 180 1436 risse
199 1375 321 1440 ridetur
347 1374 469 1441 nobilis
493 1373 554 1440 Icti
579 1378 611 1439 et
635 1373 773 1440 oratoris
797 1372 831 1440 Ο.
852 1373 989 1459 Aquillii
1013 1373 1102 1440 Galli
1128 1396 1231 1440 recor-

112 1474 194 1565 uuo,
222 1479 382 1548 Ciceronis
409 1481 444 1548 in
470 1485 625 1567 praetura
652 1481 806 1568 conlegae
834 1485 932 1567 atque
955 1481 1134 1548 familiaris.
1179 1482 1230 1546 Ad

112 1583 212 1652 bellum
233 1593 340 1656 cutem
364 1589 478 1655 servile
498 1592 748 1656 consentaneum
767 1595 837 1680 erat
856 1611 932 1655 sane
952 1589 1020 1655 eius
1041 1589 1229 1655 memoriam

111 1690 217 1778 referre,
242 1697 294 1781 qui
323 1697 363 1761 in
386 1695 524 1762 Sicilia
555 1696 748 1782 fugitivos
776 1696 1006 1763 Italicorum
1034 1695 1230 1780 conquisi-

112 1797 197 1864 visse
224 1803 520 1889 reddidisseque
548 1801 724 1868 homines
756 1801 1026 1870 DOOOOXVII
1059 1803 1230 1870 diceretur:

113 1905 190 1972 nodo
211 1909 286 1976 illud
306 1910 445 1976 Gonnius
464 1910 651 1995 cogitasset,
674 1913 803 1994 praeter
820 1910 982 1996 posterius
1001 1909 1091 1996 illud,
1114 1909 1147 1976 in
1167 1929 1230 1993 quo

112 2009 225 2095 Aquillii
255 2021 364 2102 partes
397 2017 541 2102 fuerunt,
573 2018 671 2083 etiam
700 2017 792 2102 prius
822 2017 923 2082 fuisse
951 2015 1073 2082 bellum
1106 2015 1231 2100 servile,

112 2119 266 2189 coniectum
297 2125 331 2189 id
362 2125 492 2209 quidem
520 2147 605 2191 anno
633 2125 698 2190 622
726 2147 746 2189 a
772 2123 808 2188 P.
831 2123 963 2208 Rupilio
994 2145 1071 2209 cos,
1103 2122 1139 2188 P.
1162 2122 1231 2188 Po-

39 2220 44 2233 '
113 2225 200 2304 pillii
219 2229 402 2298 Laenatis
425 2232 461 2296 in
479 2232 651 2298 consulatu
669 2231 820 2318 conlega,
842 2235 926 2297 teste
945 2231 1057 2298 eadem
1075 2230 1133 2295 illa
1146 2228 1231 2295 Livii

113 2333 229 2412 epitome
250 2339 269 2403 l.
292 2339 378 2404 LIX.

182 2438 245 2509 Iam
266 2445 340 2510 ride
364 2445 444 2510 mihi
467 2469 565 2532 quam
587 2446 651 2512 huc
673 2445 754 2512 illud
777 2446 921 2531 quadret,
944 2445 1030 2528 quod
1049 2467 1087 2510 eo
1106 2445 1140 2508 in
1158 2445 1231 2509 loco

113 2541 156 2608 ubi
175 2545 261 2616 hodie
278 2552 344 2618 sita
362 2557 412 2618 est
430 2552 554 2638 Polla,
577 2575 596 2617 a
616 2575 679 2638 qua
696 2553 943 2620 intervallorum
966 2552 1001 2616 in
1024 2551 1134 2636 lapide
1157 2573 1231 2616 con-

114 2649 291 2734 signatorum
315 2660 412 2725 initia
434 2659 525 2744 fiunt,
548 2660 686 2726 Porum
703 2661 852 2746 Popilii
875 2660 1053 2726 collocatur
1070 2659 1105 2722 in
1119 2657 1233 2722 tabula

113 2753 337 2848 Pcutiugeranu:
361 2767 446 2832 uude
460 2768 547 2833 viam
561 2767 754 2852 Popilium
778 2789 857 2852 esse,
879 2767 971 2832 euius
985 2764 1158 2832 intervalla
1176 2787 1232 2829 nu·
1246 2781 1271 2820 ¹2

114 2876 261 2956 merentur,
275 2872 388 2959 Capua
402 2873 541 2961 Regium
554 2875 685 2941 ductam
699 2897 718 2940 a
733 2875 860 2962 Popilio
876 2876 994 2961 aliquo,
1005 2872 1143 2960 palmari
1158 2894 1244 2937 cons

113 2968 216 3040 iectura
231 2977 292 3044 ianr
307 2979 497 3047 Mannertus
516 2987 681 3048 essecutus
701 2987 751 3048 est
765 2983 992 3071 Geographiae
1015 2985 1037 3047 t.
1051 2980 1097 3046 IX
1115 2983 1198 3064 part.
1211 2979 1232 3044 2

114 3081 347 3168 p.146,merice
371 3088 413 3153 ob
436 3089 469 3154 id
492 3089 643 3155 laudatus
667 3111 687 3154 a
707 3087 918 3156 Mommscuo.
960 3089 1033 3156 Nisi
1056 3088 1142 3174 quod
1164 3108 1232 3151 nou

114 3181 232 3254 debebat
252 3199 430 3276 apractore
451 3193 578 3280 Popilio
601 3195 724 3261 factam
747 3195 935 3263 Maunertus
959 3197 1087 3263 credere
1112 3195 1232 3259 abusus

113 3286 196 3372 ipsius
215 3296 431 3384 inscriptionis
454 3307 584 3368 nostrae
608 3325 703 3370 versu
726 3304 754 3369 9.
791 3303 857 3369 Vbi
880 3303 965 3389 quod
988 3299 1232 3368 PIT-EIDEM·

114 3392 291 3470 PRAETOR
307 3441 315 3455 ·
329 3405 378 3472 IN
393 3441 400 3455 ·
415 3405 572 3474 SICILIA
601 3409 639 3474 de
668 3433 702 3476 se
730 3411 844 3476 scribit
866 3409 1038 3496 Popillius,
1070 3409 1102 3473 id
1124 3408 1232 3493 ipsum
1330 3439 1333 3450 ·

116 3507 269 3579 cassino
284 3519 477 3600 argumento
492 3519 552 3600 est,
573 3539 649 3582 non
671 3522 863 3603 praetorem,
886 3519 942 3583 sed
957 3517 1022 3582 alio
1037 3516 1233 3601 magistratu

115 3605 277 3697 fungentem
301 3644 340 3687 ea
363 3644 445 3707 qnae
469 3627 544 3688 ante
567 3623 606 3689 de
625 3645 659 3688 se
678 3627 816 3690 testetur
833 3623 1007 3709 peregisse.
1039 3623 1136 3709 Ergo,
1159 3644 1232 3687 cum
1346 3637 1348 3642 ’

116 3734 258 3792 teneuram
280 3727 436 3814 Popillius
457 3728 582 3796 Laenas
605 3752 672 3796 non
694 3731 883 3817 situantur,
905 3731 989 3796 nihil
1011 3751 1081 3796 esse
1104 3729 1231 3794 eviden-

116 3821 168 3890 llssfl
187 3837 287 3914 potest
310 3859 408 3921 quam
431 3837 510 3902 haec
534 3837 613 3912 olim
635 3839 778 3922 praefixa
800 3839 902 3923 lapidi
926 3838 1063 3904 Pollano
1085 3837 1201 3902 fuisse:

136 3965 1200 4063 P·POP1LIVS·O·F·(P·N·LAENAS·)OOS

117 4101 463 4202 inscriptionemque
490 4117 626 4182 haberi
655 4119 745 4184 anni
774 4115 894 4204 622.*)
941 4118 1012 4195 Quo
1043 4141 1127 4185 anno
1155 4119 1231 4183 dum

117 4385 122 4396 .
172 4306 194 4378 ‘l
211 4307 262 4383 [CI.
280 4312 311 4367 P.
325 4311 357 4366 L.
370 4310 407 4368 II.
423 4310 453 4366 Ε.
471 4311 569 4369 Enarr.
587 4329 615 4381 p.
630 4317 676 4367 46:
697 4309 857 4367 ‘Pallanum
874 4309 989 4366 titulum
1002 4311 1149 4368 Mannerto
1163 4313 1232 4370 duce

115 4391 219 4454 intellexi
236 4419 253 4458 a
269 4402 299 4460 P.
319 4400 441 4473 Popillio
460 4400 489 4456 O.
508 4402 526 4458 f.
547 4401 662 4457 musula
678 4417 703 4456 a
723 4408 775 4457 622
801 4403 905 4457 factum
928 4419 1046 4472 eamque
1064 4403 1232 4459 sententiam

116 4492 166 4538 ⁰1¹1n
173 4487 337 4548 Mommseno
349 4489 475 4562 persuasi
488 4492 549 4546 tum
559 4491 689 4547 Henzeno
700 4491 783 4546 Orell.
798 4493 819 4544 t.
829 4491 868 4546 ΙΙΙ
882 4509 908 4561 p.
919 4499 970 4548 317
981 4492 1017 4548 ad
1027 4493 1118 4553 3308?
1138 4492 1231 4564 ΟΜ]
1342 4571 1347 4582 Ι
