<?xml version="1.0" encoding="UTF-8"?>
<!DOCTYPE html PUBLIC "-//W3C//DTD XHTML 1.0 Transitional//EN"
    "http://www.w3.org/TR/xhtml1/DTD/xhtml1-transitional.dtd">
<html xmlns="http://www.w3.org/1999/xhtml" xml:lang="en" lang="en">
 <head>
  <title>
</title>
<meta http-equiv="Content-Type" content="text/html;charset=utf-8" />
  <meta name='ocr-system' content='tesseract 3.04.00' />
  <meta name='ocr-capabilities' content='ocr_page ocr_carea ocr_par ocr_line ocrx_word'/>
</head>
<body>
  <div class='ocr_page' id='page_1' title='image "./fridericiritsch08wachgoog/fridericiritsch08wachgoog_0302.png"; bbox 0 0 3246 5082; ppageno 0'>
   <div class='ocr_carea' id='block_1_1' title="bbox 510 391 1330 464">
    <p class='ocr_par' dir='ltr' id='par_1_1' title="bbox 510 391 1330 464">
     <span class='ocr_line' id='line_1_1' title="bbox 510 391 1330 464; baseline 0.013 -19"><span class='ocrx_word' id='word_1_1' title='bbox 510 399 714 449; x_wconf 77' lang='lat' dir='ltr'>nsrrsonvn</span> <span class='ocrx_word' id='word_1_2' title='bbox 738 401 1004 464; x_wconf 73' lang='lat' dir='ltr'>su&#39;rrowssrurs.</span> <span class='ocrx_word' id='word_1_3' title='bbox 1160 421 1166 434; x_wconf 92' lang='lat'><strong>·</strong></span> <span class='ocrx_word' id='word_1_4' title='bbox 1266 391 1330 457; x_wconf 79' lang='grc'>277</span> 
     </span>
    </p>
   </div>
   <div class='ocr_carea' id='block_1_2' title="bbox 181 541 1406 1696">
    <p class='ocr_par' dir='ltr' id='par_1_2' title="bbox 181 541 1406 1696">
     <span class='ocr_line' id='line_1_2' title="bbox 185 541 1329 635; baseline 0.01 -31"><span class='ocrx_word' id='word_1_5' title='bbox 185 541 268 604; x_wconf 89' lang='lat' dir='ltr'>ticos</span> <span class='ocrx_word' id='word_1_6' title='bbox 292 541 366 607; x_wconf 90' lang='lat' dir='ltr'>illos</span> <span class='ocrx_word' id='word_1_7' title='bbox 391 542 504 627; x_wconf 88' lang='lat' dir='ltr'>fuisse,</span> <span class='ocrx_word' id='word_1_8' title='bbox 532 547 569 608; x_wconf 93' lang='lat' dir='ltr'>ut</span> <span class='ocrx_word' id='word_1_9' title='bbox 596 544 630 609; x_wconf 91' lang='lat' dir='ltr'>in</span> <span class='ocrx_word' id='word_1_10' title='bbox 654 547 767 631; x_wconf 90' lang='lat' dir='ltr'>quinto</span> <span class='ocrx_word' id='word_1_11' title='bbox 797 546 913 612; x_wconf 89' lang='lat' dir='ltr'>senarii</span> <span class='ocrx_word' id='word_1_12' title='bbox 941 548 1022 632; x_wconf 89' lang='lat' dir='ltr'>pede</span> <span class='ocrx_word' id='word_1_13' title='bbox 1045 553 1211 632; x_wconf 88' lang='lat' dir='ltr'>praestare</span> <span class='ocrx_word' id='word_1_14' title='bbox 1234 573 1329 635; x_wconf 87' lang='lat' dir='ltr'>spon-</span> 
     </span>
     <span class='ocr_line' id='line_1_3' title="bbox 185 646 1330 738; baseline 0.012 -28"><span class='ocrx_word' id='word_1_15' title='bbox 185 646 281 712; x_wconf 88' lang='lat' dir='ltr'>deum</span> <span class='ocrx_word' id='word_1_16' title='bbox 304 651 447 733; x_wconf 76' lang='lat' dir='ltr'>nossent,</span> <span class='ocrx_word' id='word_1_17' title='bbox 471 649 560 714; x_wconf 91' lang='lat' dir='ltr'>nullo</span> <span class='ocrx_word' id='word_1_18' title='bbox 585 649 701 716; x_wconf 90' lang='lat' dir='ltr'>idoneo</span> <span class='ocrx_word' id='word_1_19' title='bbox 725 656 914 738; x_wconf 88' lang='lat' dir='ltr'>argumento</span> <span class='ocrx_word' id='word_1_20' title='bbox 934 655 1135 738; x_wconf 80' lang='lat' dir='ltr'>persuadeas.</span> <span class='ocrx_word' id='word_1_21' title='bbox 1168 657 1273 734; x_wconf 83' lang='lat' dir='ltr'>Quam</span> <span class='ocrx_word' id='word_1_22' title='bbox 1296 659 1330 724; x_wconf 89' lang='lat' dir='ltr'>in</span> 
     </span>
     <span class='ocr_line' id='line_1_4' title="bbox 184 753 1329 848; baseline 0.01 -30"><span class='ocrx_word' id='word_1_23' title='bbox 184 757 310 838; x_wconf 89' lang='lat' dir='ltr'>partem</span> <span class='ocrx_word' id='word_1_24' title='bbox 334 757 371 819; x_wconf 89' lang='lat' dir='ltr'>nt</span> <span class='ocrx_word' id='word_1_25' title='bbox 393 755 559 841; x_wconf 82' lang='lat' dir='ltr'>inclinem,</span> <span class='ocrx_word' id='word_1_26' title='bbox 582 756 663 822; x_wconf 91' lang='lat' dir='ltr'>illud</span> <span class='ocrx_word' id='word_1_27' title='bbox 686 759 892 842; x_wconf 90' lang='lat' dir='ltr'>potissimum</span> <span class='ocrx_word' id='word_1_28' title='bbox 914 753 966 824; x_wconf 88' lang='lat' dir='ltr'>ine</span> <span class='ocrx_word' id='word_1_29' title='bbox 989 767 1099 828; x_wconf 89' lang='lat' dir='ltr'>movet</span> <span class='ocrx_word' id='word_1_30' title='bbox 1122 764 1207 848; x_wconf 91' lang='lat' dir='ltr'>quod</span> <span class='ocrx_word' id='word_1_31' title='bbox 1231 764 1329 830; x_wconf 88' lang='lat' dir='ltr'>etiam</span> 
     </span>
     <span class='ocr_line' id='line_1_5' title="bbox 183 859 1329 956; baseline 0.012 -33"><span class='ocrx_word' id='word_1_32' title='bbox 183 859 312 924; x_wconf 83' lang='lat' dir='ltr'>Afranii</span> <span class='ocrx_word' id='word_1_33' title='bbox 333 883 441 925; x_wconf 82' lang='lat' dir='ltr'>versus</span> <span class='ocrx_word' id='word_1_34' title='bbox 462 861 502 926; x_wconf 91' lang='lat' dir='ltr'>ad</span> <span class='ocrx_word' id='word_1_35' title='bbox 520 862 637 947; x_wconf 90' lang='lat' dir='ltr'>longae</span> <span class='ocrx_word' id='word_1_36' title='bbox 656 885 823 928; x_wconf 79' lang='lat' dir='ltr'>mensurae</span> <span class='ocrx_word' id='word_1_37' title='bbox 839 867 1056 932; x_wconf 89' lang='lat' dir='ltr'>constantiam</span> <span class='ocrx_word' id='word_1_38' title='bbox 1074 871 1329 956; x_wconf 71' lang='lat' dir='ltr'><strong>transpositione</strong></span> 
     </span>
     <span class='ocr_line' id='line_1_6' title="bbox 184 967 1406 1047; baseline 0.013 -16"><span class='ocrx_word' id='word_1_39' title='bbox 184 967 312 1031; x_wconf 89' lang='lat' dir='ltr'>demum</span> <span class='ocrx_word' id='word_1_40' title='bbox 336 969 508 1034; x_wconf 86' lang='lat' dir='ltr'>verborum</span> <span class='ocrx_word' id='word_1_41' title='bbox 531 973 713 1034; x_wconf 88' lang='lat' dir='ltr'>revocatur:</span> <span class='ocrx_word' id='word_1_42' title='bbox 743 969 816 1036; x_wconf 79' lang='lat' dir='ltr'>‘Hic</span> <span class='ocrx_word' id='word_1_43' title='bbox 839 974 950 1036; x_wconf 77' lang='lat' dir='ltr'>noster</span> <span class='ocrx_word' id='word_1_44' title='bbox 972 973 1141 1040; x_wconf 78' lang='lat' dir='ltr'>delaborat</span> <span class='ocrx_word' id='word_1_45' title='bbox 1168 999 1241 1042; x_wconf 89' lang='lat' dir='ltr'>curn</span> <span class='ocrx_word' id='word_1_46' title='bbox 1264 983 1328 1043; x_wconf 88' lang='lat' dir='ltr'>sta·</span> <span class='ocrx_word' id='word_1_47' title='bbox 1402 1039 1406 1047; x_wconf 89' lang='lat'><em>.</em></span> 
     </span>
     <span class='ocr_line' id='line_1_7' title="bbox 183 1074 1329 1164; baseline 0.01 -26"><span class='ocrx_word' id='word_1_48' title='bbox 183 1074 242 1139; x_wconf 85' lang='lat' dir='ltr'>tim</span> <span class='ocrx_word' id='word_1_49' title='bbox 271 1074 372 1160; x_wconf 86' lang='lat' dir='ltr'>pner&#39;,</span> <span class='ocrx_word' id='word_1_50' title='bbox 404 1099 501 1160; x_wconf 89' lang='lat' dir='ltr'>quam</span> <span class='ocrx_word' id='word_1_51' title='bbox 530 1099 550 1141; x_wconf 92' lang='lat' dir='ltr'>a</span> <span class='ocrx_word' id='word_1_52' title='bbox 577 1075 697 1143; x_wconf 90' lang='lat' dir='ltr'>Bothio</span> <span class='ocrx_word' id='word_1_53' title='bbox 726 1079 983 1144; x_wconf 88' lang='lat' dir='ltr'>commendatam</span> <span class='ocrx_word' id='word_1_54' title='bbox 1016 1082 1167 1164; x_wconf 87' lang='lat' dir='ltr'>probavit</span> <span class='ocrx_word' id='word_1_55' title='bbox 1193 1083 1329 1150; x_wconf 91' lang='lat' dir='ltr'>Neukir-</span> 
     </span>
     <span class='ocr_line' id='line_1_8' title="bbox 183 1180 1328 1274; baseline 0.011 -29"><span class='ocrx_word' id='word_1_56' title='bbox 183 1181 276 1246; x_wconf 87' lang='lat' dir='ltr'>chius</span> <span class='ocrx_word' id='word_1_57' title='bbox 300 1180 338 1246; x_wconf 89' lang='lat' dir='ltr'>de</span> <span class='ocrx_word' id='word_1_58' title='bbox 362 1181 425 1248; x_wconf 90' lang='lat' dir='ltr'>fab.</span> <span class='ocrx_word' id='word_1_59' title='bbox 445 1187 512 1268; x_wconf 90' lang='lat' dir='ltr'>tog.</span> <span class='ocrx_word' id='word_1_60' title='bbox 531 1207 561 1269; x_wconf 92' lang='lat' dir='ltr'>p.</span> <span class='ocrx_word' id='word_1_61' title='bbox 580 1185 650 1250; x_wconf 89' lang='grc'><strong>180.</strong></span> <span class='ocrx_word' id='word_1_62' title='bbox 682 1183 727 1248; x_wconf 85' lang='lat' dir='ltr'>Et</span> <span class='ocrx_word' id='word_1_63' title='bbox 751 1184 788 1249; x_wconf 91' lang='lat' dir='ltr'>de</span> <span class='ocrx_word' id='word_1_64' title='bbox 813 1187 974 1251; x_wconf 84' lang='lat' dir='ltr'>sententia</span> <span class='ocrx_word' id='word_1_65' title='bbox 998 1188 1126 1274; x_wconf 90' lang='lat' dir='ltr'>quidem</span> <span class='ocrx_word' id='word_1_66' title='bbox 1150 1191 1210 1256; x_wconf 87' lang='lat' dir='ltr'>etsi</span> <span class='ocrx_word' id='word_1_67' title='bbox 1230 1192 1328 1258; x_wconf 90' lang='lat' dir='ltr'>dubia</span> 
     </span>
     <span class='ocr_line' id='line_1_9' title="bbox 183 1291 1328 1383; baseline 0.011 -31"><span class='ocrx_word' id='word_1_68' title='bbox 183 1311 261 1354; x_wconf 88' lang='lat' dir='ltr'>sane</span> <span class='ocrx_word' id='word_1_69' title='bbox 284 1311 335 1354; x_wconf 87' lang='lat' dir='ltr'>res</span> <span class='ocrx_word' id='word_1_70' title='bbox 360 1293 419 1373; x_wconf 89' lang='lat' dir='ltr'>est,</span> <span class='ocrx_word' id='word_1_71' title='bbox 441 1294 552 1356; x_wconf 89' lang='lat' dir='ltr'>tamen</span> <span class='ocrx_word' id='word_1_72' title='bbox 574 1291 714 1377; x_wconf 84' lang='lat' dir='ltr'>ingenue</span> <span class='ocrx_word' id='word_1_73' title='bbox 736 1291 844 1357; x_wconf 89' lang='lat' dir='ltr'>fateor</span> <span class='ocrx_word' id='word_1_74' title='bbox 862 1315 913 1356; x_wconf 88' lang='lat' dir='ltr'>me</span> <span class='ocrx_word' id='word_1_75' title='bbox 931 1315 973 1359; x_wconf 91' lang='lat' dir='ltr'>ne</span> <span class='ocrx_word' id='word_1_76' title='bbox 991 1295 1179 1382; x_wconf 80' lang='lat' dir='ltr'>intellegere</span> <span class='ocrx_word' id='word_1_77' title='bbox 1198 1298 1328 1383; x_wconf 89' lang='lat' dir='ltr'>quidem</span> 
     </span>
     <span class='ocr_line' id='line_1_10' title="bbox 182 1395 1327 1489; baseline 0.009 -28"><span class='ocrx_word' id='word_1_78' title='bbox 182 1395 263 1461; x_wconf 88' lang='lat' dir='ltr'>satis</span> <span class='ocrx_word' id='word_1_79' title='bbox 286 1396 338 1460; x_wconf 84' lang='lat' dir='ltr'>vel</span> <span class='ocrx_word' id='word_1_80' title='bbox 361 1398 621 1480; x_wconf 83' lang='lat' dir='ltr'>perseverantiae</span> <span class='ocrx_word' id='word_1_81' title='bbox 644 1399 809 1464; x_wconf 92' lang='lat' dir='ltr'>notionem</span> <span class='ocrx_word' id='word_1_82' title='bbox 832 1400 882 1464; x_wconf 86' lang='lat' dir='ltr'>vel</span> <span class='ocrx_word' id='word_1_83' title='bbox 900 1421 1019 1466; x_wconf 81' lang='lat' dir='ltr'>nexum</span> <span class='ocrx_word' id='word_1_84' title='bbox 1038 1403 1272 1489; x_wconf 87' lang='lat' dir='ltr'>cogitationum</span> <span class='ocrx_word' id='word_1_85' title='bbox 1293 1405 1327 1470; x_wconf 93' lang='lat' dir='ltr'>in</span> 
     </span>
     <span class='ocr_line' id='line_1_11' title="bbox 181 1503 1326 1594; baseline 0.007 -26"><span class='ocrx_word' id='word_1_86' title='bbox 181 1503 258 1587; x_wconf 88' lang='lat' dir='ltr'>illis,</span> <span class='ocrx_word' id='word_1_87' title='bbox 282 1503 395 1588; x_wconf 91' lang='lat' dir='ltr'>quales</span> <span class='ocrx_word' id='word_1_88' title='bbox 415 1503 611 1570; x_wconf 83' lang='lat' dir='ltr'>Neulrirchio</span> <span class='ocrx_word' id='word_1_89' title='bbox 634 1505 832 1590; x_wconf 89' lang='lat' dir='ltr'>placuerunt,</span> <span class='ocrx_word' id='word_1_90' title='bbox 855 1506 1016 1572; x_wconf 86' lang='lat' dir='ltr'>versibus:</span> <span class='ocrx_word' id='word_1_91' title='bbox 1039 1531 1118 1594; x_wconf 93' lang='lat' dir='ltr'>quos</span> <span class='ocrx_word' id='word_1_92' title='bbox 1138 1533 1210 1578; x_wconf 91' lang='lat' dir='ltr'>meo</span> <span class='ocrx_word' id='word_1_93' title='bbox 1229 1533 1326 1577; x_wconf 78' lang='lat' dir='ltr'>sensu</span> 
     </span>
     <span class='ocr_line' id='line_1_12' title="bbox 182 1609 815 1696; baseline 0.005 -22"><span class='ocrx_word' id='word_1_94' title='bbox 182 1611 286 1677; x_wconf 89' lang='lat' dir='ltr'>multo</span> <span class='ocrx_word' id='word_1_95' title='bbox 310 1609 508 1676; x_wconf 89' lang='lat' dir='ltr'>commodius</span> <span class='ocrx_word' id='word_1_96' title='bbox 532 1610 578 1676; x_wconf 89' lang='lat' dir='ltr'>sic</span> <span class='ocrx_word' id='word_1_97' title='bbox 602 1611 815 1696; x_wconf 81' lang='lat' dir='ltr'>expediveris:</span> 
     </span>
    </p>
   </div>
   <div class='ocr_carea' id='block_1_3' title="bbox 340 1769 1119 1962">
    <p class='ocr_par' dir='ltr' id='par_1_3' title="bbox 340 1769 1119 1962">
     <span class='ocr_line' id='line_1_13' title="bbox 342 1769 1081 1855; baseline 0.007 -21"><span class='ocrx_word' id='word_1_98' title='bbox 342 1769 544 1855; x_wconf 72' lang='lat' dir='ltr'>Quamquam</span> <span class='ocrx_word' id='word_1_99' title='bbox 567 1793 633 1836; x_wconf 92' lang='lat' dir='ltr'>non</span> <span class='ocrx_word' id='word_1_100' title='bbox 656 1772 729 1836; x_wconf 87' lang='lat' dir='ltr'>istis</span> <span class='ocrx_word' id='word_1_101' title='bbox 754 1773 919 1838; x_wconf 77' lang='lat' dir='ltr'>exercetur</span> <span class='ocrx_word' id='word_1_102' title='bbox 941 1771 976 1836; x_wconf 82' lang='lat' dir='ltr'>in</span> <span class='ocrx_word' id='word_1_103' title='bbox 1000 1773 1081 1839; x_wconf 90' lang='lat' dir='ltr'>locis</span> 
     </span>
     <span class='ocr_line' id='line_1_14' title="bbox 340 1875 1119 1962; baseline 0.005 -22"><span class='ocrx_word' id='word_1_104' title='bbox 340 1875 402 1941; x_wconf 90' lang='lat' dir='ltr'>Hic</span> <span class='ocrx_word' id='word_1_105' title='bbox 425 1879 544 1960; x_wconf 81' lang='lat' dir='ltr'>ndster,</span> <span class='ocrx_word' id='word_1_106' title='bbox 567 1876 736 1942; x_wconf 78' lang='lat' dir='ltr'>delaborat</span> <span class='ocrx_word' id='word_1_107' title='bbox 759 1899 831 1942; x_wconf 90' lang='lat' dir='ltr'>oum</span> <span class='ocrx_word' id='word_1_108' title='bbox 856 1881 974 1962; x_wconf 69' lang='lat' dir='ltr'>puerei</span> <span class='ocrx_word' id='word_1_109' title='bbox 998 1880 1119 1944; x_wconf 88' lang='lat' dir='ltr'>statim.</span> 
     </span>
    </p>
   </div>
   <div class='ocr_carea' id='block_1_4' title="bbox 156 2035 1359 4258">
    <p class='ocr_par' dir='ltr' id='par_1_4' title="bbox 179 2035 1324 2530">
     <span class='ocr_line' id='line_1_15' title="bbox 180 2035 1323 2124; baseline 0.006 -24"><span class='ocrx_word' id='word_1_110' title='bbox 180 2036 246 2100; x_wconf 89' lang='lat' dir='ltr'>Vbi</span> <span class='ocrx_word' id='word_1_111' title='bbox 276 2035 466 2102; x_wconf 81' lang='lat' dir='ltr'>‘delaborat&#39;</span> <span class='ocrx_word' id='word_1_112' title='bbox 494 2036 614 2101; x_wconf 89' lang='lat' dir='ltr'>dictum</span> <span class='ocrx_word' id='word_1_113' title='bbox 648 2039 697 2100; x_wconf 89' lang='lat' dir='ltr'>est</span> <span class='ocrx_word' id='word_1_114' title='bbox 729 2039 896 2120; x_wconf 89' lang='lat' dir='ltr'>tamquam</span> <span class='ocrx_word' id='word_1_115' title='bbox 925 2036 1131 2124; x_wconf 73' lang='lat' dir='ltr'>‘deluctatur,</span> <span class='ocrx_word' id='word_1_116' title='bbox 1163 2040 1323 2108; x_wconf 91' lang='lat' dir='ltr'>desudat&#39;:</span> 
     </span>
     <span class='ocr_line' id='line_1_16' title="bbox 180 2141 1324 2229; baseline 0.004 -21"><span class='ocrx_word' id='word_1_117' title='bbox 180 2142 265 2208; x_wconf 77' lang='lat' dir='ltr'>‘istis</span> <span class='ocrx_word' id='word_1_118' title='bbox 294 2143 327 2207; x_wconf 91' lang='lat' dir='ltr'>in</span> <span class='ocrx_word' id='word_1_119' title='bbox 355 2143 447 2208; x_wconf 93' lang='lat' dir='ltr'>locis’</span> <span class='ocrx_word' id='word_1_120' title='bbox 480 2147 588 2208; x_wconf 86' lang='lat' dir='ltr'>autern</span> <span class='ocrx_word' id='word_1_121' title='bbox 620 2146 657 2208; x_wconf 88' lang='lat' dir='ltr'>ut</span> <span class='ocrx_word' id='word_1_122' title='bbox 690 2141 736 2207; x_wconf 79' lang='lat' dir='ltr'>‘in</span> <span class='ocrx_word' id='word_1_123' title='bbox 768 2143 903 2208; x_wconf 88' lang='lat' dir='ltr'>occultis</span> <span class='ocrx_word' id='word_1_124' title='bbox 933 2144 1025 2208; x_wconf 91' lang='lat' dir='ltr'>loois’</span> <span class='ocrx_word' id='word_1_125' title='bbox 1058 2146 1142 2229; x_wconf 88' lang='lat' dir='ltr'>apud</span> <span class='ocrx_word' id='word_1_126' title='bbox 1172 2147 1324 2214; x_wconf 88' lang='lat' dir='ltr'>Plautum</span> 
     </span>
     <span class='ocr_line' id='line_1_17' title="bbox 181 2248 1324 2339; baseline 0.003 -23"><span class='ocrx_word' id='word_1_127' title='bbox 181 2248 273 2316; x_wconf 84' lang='lat' dir='ltr'>Cure.</span> <span class='ocrx_word' id='word_1_128' title='bbox 295 2249 351 2330; x_wconf 86' lang='lat' dir='ltr'>IV,</span> <span class='ocrx_word' id='word_1_129' title='bbox 371 2251 401 2334; x_wconf 83' lang='lat'>2,</span> <span class='ocrx_word' id='word_1_130' title='bbox 420 2251 472 2334; x_wconf 84' lang='lat'>21,</span> <span class='ocrx_word' id='word_1_131' title='bbox 496 2249 541 2315; x_wconf 82' lang='lat' dir='ltr'>‘in</span> <span class='ocrx_word' id='word_1_132' title='bbox 565 2249 739 2315; x_wconf 78' lang='lat' dir='ltr'>latebrosis</span> <span class='ocrx_word' id='word_1_133' title='bbox 763 2249 857 2315; x_wconf 88' lang='lat' dir='ltr'>locis’</span> <span class='ocrx_word' id='word_1_134' title='bbox 885 2250 1000 2316; x_wconf 80' lang='lat' dir='ltr'><strong>Bacch.</strong></span> <span class='ocrx_word' id='word_1_135' title='bbox 1020 2252 1095 2336; x_wconf 79' lang='lat'>430,</span> <span class='ocrx_word' id='word_1_136' title='bbox 1117 2252 1173 2317; x_wconf 91' lang='lat' dir='ltr'>ubi</span> <span class='ocrx_word' id='word_1_137' title='bbox 1195 2254 1324 2339; x_wconf 90' lang='lat' dir='ltr'>quidem</span> 
     </span>
     <span class='ocr_line' id='line_1_18' title="bbox 179 2355 1324 2445; baseline 0.005 -25"><span class='ocrx_word' id='word_1_138' title='bbox 179 2355 259 2421; x_wconf 88' lang='lat' dir='ltr'>haec</span> <span class='ocrx_word' id='word_1_139' title='bbox 291 2357 487 2440; x_wconf 89' lang='lat' dir='ltr'>praecedunt</span> <span class='ocrx_word' id='word_1_140' title='bbox 519 2355 682 2422; x_wconf 77' lang='lat' dir='ltr'>‘Salicndo</span> <span class='ocrx_word' id='word_1_141' title='bbox 721 2377 791 2422; x_wconf 88' lang='lat' dir='ltr'>sese</span> <span class='ocrx_word' id='word_1_142' title='bbox 824 2357 1056 2422; x_wconf 78' lang='lat' dir='ltr'>exercebant</span> <span class='ocrx_word' id='word_1_143' title='bbox 1088 2359 1194 2443; x_wconf 88' lang='lat' dir='ltr'>magis</span> <span class='ocrx_word' id='word_1_144' title='bbox 1227 2383 1324 2445; x_wconf 89' lang='lat' dir='ltr'>quarn</span> 
     </span>
     <span class='ocr_line' id='line_1_19' title="bbox 179 2463 512 2530; baseline 0.006 -2"><span class='ocrx_word' id='word_1_145' title='bbox 179 2467 286 2529; x_wconf 88' lang='lat' dir='ltr'>scorto</span> <span class='ocrx_word' id='word_1_146' title='bbox 311 2468 367 2530; x_wconf 88' lang='lat' dir='ltr'>aut</span> <span class='ocrx_word' id='word_1_147' title='bbox 390 2463 512 2530; x_wconf 65' lang='lat' dir='ltr'>seniis?</span> 
     </span>
    </p>

    <p class='ocr_par' dir='ltr' id='par_1_5' title="bbox 156 2569 1359 4258">
     <span class='ocr_line' id='line_1_20' title="bbox 267 2569 1323 2658; baseline 0.003 -21"><span class='ocrx_word' id='word_1_148' title='bbox 267 2571 429 2638; x_wconf 81' lang='lat' dir='ltr'>Effectum</span> <span class='ocrx_word' id='word_1_149' title='bbox 453 2575 503 2636; x_wconf 92' lang='lat' dir='ltr'>est</span> <span class='ocrx_word' id='word_1_150' title='bbox 525 2570 641 2656; x_wconf 87' lang='lat' dir='ltr'>igitur,</span> <span class='ocrx_word' id='word_1_151' title='bbox 669 2571 734 2635; x_wconf 89' lang='lat' dir='ltr'>nisi</span> <span class='ocrx_word' id='word_1_152' title='bbox 755 2569 855 2636; x_wconf 81' lang='lat' dir='ltr'>fallor</span> <span class='ocrx_word' id='word_1_153' title='bbox 879 2571 992 2655; x_wconf 90' lang='lat' dir='ltr'>animi,</span> <span class='ocrx_word' id='word_1_154' title='bbox 1022 2575 1060 2636; x_wconf 91' lang='lat' dir='ltr'>ut</span> <span class='ocrx_word' id='word_1_155' title='bbox 1082 2572 1204 2656; x_wconf 87' lang='lat' dir='ltr'>pariter</span> <span class='ocrx_word' id='word_1_156' title='bbox 1227 2577 1323 2658; x_wconf 86' lang='lat' dir='ltr'>atque</span> 
     </span>
     <span class='ocr_line' id='line_1_21' title="bbox 178 2677 1323 2763; baseline 0.002 -19"><span class='ocrx_word' id='word_1_157' title='bbox 178 2683 323 2744; x_wconf 69' lang='lat' dir='ltr'>statum</span> <span class='ocrx_word' id='word_1_158' title='bbox 352 2683 385 2744; x_wconf 89' lang='lat' dir='ltr'>et</span> <span class='ocrx_word' id='word_1_159' title='bbox 413 2683 571 2761; x_wconf 73' lang='lat' dir='ltr'>statum,</span> <span class='ocrx_word' id='word_1_160' title='bbox 604 2677 702 2742; x_wconf 91' lang='lat' dir='ltr'>etiam</span> <span class='ocrx_word' id='word_1_161' title='bbox 731 2677 866 2742; x_wconf 72' lang='lat' dir='ltr'>statim</span> <span class='ocrx_word' id='word_1_162' title='bbox 894 2680 928 2742; x_wconf 87' lang='lat' dir='ltr'>et</span> <span class='ocrx_word' id='word_1_163' title='bbox 951 2678 1085 2742; x_wconf 78' lang='lat' dir='ltr'>statim</span> <span class='ocrx_word' id='word_1_164' title='bbox 1114 2681 1323 2763; x_wconf 87' lang='lat' dir='ltr'>pronuntiata</span> 
     </span>
     <span class='ocr_line' id='line_1_22' title="bbox 178 2783 1322 2871; baseline 0.003 -21"><span class='ocrx_word' id='word_1_165' title='bbox 178 2787 244 2850; x_wconf 91' lang='lat' dir='ltr'>sint</span> <span class='ocrx_word' id='word_1_166' title='bbox 265 2786 449 2852; x_wconf 89' lang='lat' dir='ltr'>necessario</span> <span class='ocrx_word' id='word_1_167' title='bbox 472 2783 720 2870; x_wconf 87' lang='lat' dir='ltr'>significationis</span> <span class='ocrx_word' id='word_1_168' title='bbox 744 2783 928 2849; x_wconf 88' lang='lat' dir='ltr'>discrimine</span> <span class='ocrx_word' id='word_1_169' title='bbox 949 2784 1052 2849; x_wconf 93' lang='lat' dir='ltr'>nullo:</span> <span class='ocrx_word' id='word_1_170' title='bbox 1075 2785 1139 2850; x_wconf 91' lang='lat' dir='ltr'>nisi</span> <span class='ocrx_word' id='word_1_171' title='bbox 1158 2787 1242 2871; x_wconf 91' lang='lat' dir='ltr'>quod</span> <span class='ocrx_word' id='word_1_172' title='bbox 1262 2811 1322 2854; x_wconf 90' lang='lat' dir='ltr'>usu</span> 
     </span>
     <span class='ocr_line' id='line_1_23' title="bbox 178 2891 1320 2979; baseline 0.001 -21"><span class='ocrx_word' id='word_1_173' title='bbox 178 2915 256 2958; x_wconf 87' lang='lat' dir='ltr'>sane</span> <span class='ocrx_word' id='word_1_174' title='bbox 284 2893 373 2958; x_wconf 86' lang='lat' dir='ltr'>venit</span> <span class='ocrx_word' id='word_1_175' title='bbox 400 2897 449 2976; x_wconf 91' lang='lat' dir='ltr'>ut,</span> <span class='ocrx_word' id='word_1_176' title='bbox 477 2892 533 2958; x_wconf 89' lang='lat' dir='ltr'>ubi</span> <span class='ocrx_word' id='word_1_177' title='bbox 562 2892 667 2972; x_wconf 70' lang='lat' dir='ltr'>stete,</span> <span class='ocrx_word' id='word_1_178' title='bbox 697 2891 808 2956; x_wconf 86' lang='grc' dir='ltr'>αὐτίκα</span> <span class='ocrx_word' id='word_1_179' title='bbox 835 2891 1004 2956; x_wconf 89' lang='lat' dir='ltr'>dicendum</span> <span class='ocrx_word' id='word_1_180' title='bbox 1032 2895 1130 2978; x_wconf 86' lang='lat' dir='ltr'>esset,</span> <span class='ocrx_word' id='word_1_181' title='bbox 1157 2915 1222 2958; x_wconf 94' lang='lat' dir='ltr'>non</span> <span class='ocrx_word' id='word_1_182' title='bbox 1248 2917 1320 2979; x_wconf 91' lang='lat' dir='ltr'>pro-</span> 
     </span>
     <span class='ocr_line' id='line_1_24' title="bbox 177 2997 1321 3084; baseline 0.003 -20"><span class='ocrx_word' id='word_1_183' title='bbox 177 2999 354 3065; x_wconf 77' lang='lat' dir='ltr'>duceretur.</span> <span class='ocrx_word' id='word_1_184' title='bbox 400 2997 552 3064; x_wconf 84' lang='lat' dir='ltr'>Oeterum</span> <span class='ocrx_word' id='word_1_185' title='bbox 578 3021 637 3064; x_wconf 90' lang='lat' dir='ltr'>neo</span> <span class='ocrx_word' id='word_1_186' title='bbox 666 3003 880 3084; x_wconf 78' lang='lat' dir='ltr'>praestttus</span> <span class='ocrx_word' id='word_1_187' title='bbox 909 2997 1048 3065; x_wconf 86' lang='lat' dir='ltr'>formam</span> <span class='ocrx_word' id='word_1_188' title='bbox 1079 3003 1111 3064; x_wconf 91' lang='lat' dir='ltr'>et</span> <span class='ocrx_word' id='word_1_189' title='bbox 1139 3001 1321 3068; x_wconf 87' lang='lat' dir='ltr'>consimiles</span> 
     </span>
     <span class='ocr_line' id='line_1_25' title="bbox 177 3106 1320 3194; baseline 0.003 -24"><span class='ocrx_word' id='word_1_190' title='bbox 177 3127 363 3190; x_wconf 89' lang='lat' dir='ltr'>comparare</span> <span class='ocrx_word' id='word_1_191' title='bbox 396 3129 469 3172; x_wconf 91' lang='lat' dir='ltr'>cum</span> <span class='ocrx_word' id='word_1_192' title='bbox 501 3109 724 3190; x_wconf 83' lang='lat' dir='ltr'>praestatus</span> <span class='ocrx_word' id='word_1_193' title='bbox 756 3106 858 3190; x_wconf 89' lang='lat' dir='ltr'>volni,</span> <span class='ocrx_word' id='word_1_194' title='bbox 895 3129 1091 3191; x_wconf 87' lang='lat' dir='ltr'>quamquam</span> <span class='ocrx_word' id='word_1_195' title='bbox 1127 3107 1161 3172; x_wconf 92' lang='lat' dir='ltr'>id</span> <span class='ocrx_word' id='word_1_196' title='bbox 1193 3109 1320 3194; x_wconf 91' lang='lat' dir='ltr'>quidem</span> 
     </span>
     <span class='ocr_line' id='line_1_26' title="bbox 178 3212 1320 3300; baseline 0.004 -23"><span class='ocrx_word' id='word_1_197' title='bbox 178 3213 260 3277; x_wconf 91' lang='lat' dir='ltr'>alias</span> <span class='ocrx_word' id='word_1_198' title='bbox 284 3213 325 3278; x_wconf 92' lang='lat' dir='ltr'>cb</span> <span class='ocrx_word' id='word_1_199' title='bbox 349 3235 480 3278; x_wconf 77' lang='lat' dir='ltr'>caussas</span> <span class='ocrx_word' id='word_1_200' title='bbox 505 3234 602 3298; x_wconf 90' lang='lat' dir='ltr'>quam</span> <span class='ocrx_word' id='word_1_201' title='bbox 626 3212 710 3298; x_wconf 91' lang='lat' dir='ltr'>quod</span> <span class='ocrx_word' id='word_1_202' title='bbox 735 3213 808 3277; x_wconf 91' lang='lat' dir='ltr'>illas</span> <span class='ocrx_word' id='word_1_203' title='bbox 831 3217 888 3278; x_wconf 89' lang='lat' dir='ltr'>aut</span> <span class='ocrx_word' id='word_1_204' title='bbox 910 3213 984 3278; x_wconf 90' lang='lat' dir='ltr'>duci</span> <span class='ocrx_word' id='word_1_205' title='bbox 1007 3235 1026 3276; x_wconf 92' lang='lat' dir='ltr'>a</span> <span class='ocrx_word' id='word_1_206' title='bbox 1050 3213 1191 3279; x_wconf 88' lang='lat' dir='ltr'>sistere</span> <span class='ocrx_word' id='word_1_207' title='bbox 1217 3217 1320 3300; x_wconf 90' lang='lat' dir='ltr'>stirpe</span> 
     </span>
     <span class='ocr_line' id='line_1_27' title="bbox 156 3318 1320 3406; baseline 0.003 -22"><span class='ocrx_word' id='word_1_208' title='bbox 156 3321 235 3384; x_wconf 70' lang='lat' dir='ltr'>‚aus</span> <span class='ocrx_word' id='word_1_209' title='bbox 265 3318 305 3382; x_wconf 90' lang='lat' dir='ltr'>ad</span> <span class='ocrx_word' id='word_1_210' title='bbox 335 3341 405 3384; x_wconf 89' lang='lat' dir='ltr'>eam</span> <span class='ocrx_word' id='word_1_211' title='bbox 434 3319 669 3384; x_wconf 87' lang='lat' dir='ltr'>accommodari</span> <span class='ocrx_word' id='word_1_212' title='bbox 702 3319 847 3404; x_wconf 90' lang='lat' dir='ltr'>potuisse</span> <span class='ocrx_word' id='word_1_213' title='bbox 878 3319 1071 3404; x_wconf 86' lang='lat' dir='ltr'>quibusdem</span> <span class='ocrx_word' id='word_1_214' title='bbox 1099 3323 1320 3406; x_wconf 85' lang='lat' dir='ltr'>grammaticis</span> 
     </span>
     <span class='ocr_line' id='line_1_28' title="bbox 177 3424 1320 3510; baseline 0 -18"><span class='ocrx_word' id='word_1_215' title='bbox 177 3425 319 3492; x_wconf 88' lang='lat' dir='ltr'>credam:</span> <span class='ocrx_word' id='word_1_216' title='bbox 359 3448 418 3492; x_wconf 91' lang='lat' dir='ltr'>nec</span> <span class='ocrx_word' id='word_1_217' title='bbox 450 3425 529 3489; x_wconf 86' lang='lat' dir='ltr'>talia</span> <span class='ocrx_word' id='word_1_218' title='bbox 563 3446 816 3489; x_wconf 91' lang='lat' dir='ltr'>commemorare</span> <span class='ocrx_word' id='word_1_219' title='bbox 849 3424 958 3510; x_wconf 89' lang='lat' dir='ltr'>qualia</span> <span class='ocrx_word' id='word_1_220' title='bbox 995 3430 1071 3490; x_wconf 90' lang='lat' dir='ltr'>sunt</span> <span class='ocrx_word' id='word_1_221' title='bbox 1108 3426 1320 3510; x_wconf 85' lang='lat' dir='ltr'>explicitus</span> 
     </span>
     <span class='ocr_line' id='line_1_29' title="bbox 176 3531 1320 3617; baseline -0.001 -19"><span class='ocrx_word' id='word_1_222' title='bbox 176 3531 407 3616; x_wconf 89' lang='lat' dir='ltr'>implicitus,</span> <span class='ocrx_word' id='word_1_223' title='bbox 440 3554 521 3617; x_wconf 92' lang='lat' dir='ltr'>quae</span> <span class='ocrx_word' id='word_1_224' title='bbox 550 3531 674 3616; x_wconf 81' lang='lat' dir='ltr'>origine</span> <span class='ocrx_word' id='word_1_225' title='bbox 703 3553 762 3596; x_wconf 92' lang='lat' dir='ltr'>sua</span> <span class='ocrx_word' id='word_1_226' title='bbox 788 3553 855 3595; x_wconf 91' lang='lat' dir='ltr'>non</span> <span class='ocrx_word' id='word_1_227' title='bbox 883 3533 959 3596; x_wconf 89' lang='lat' dir='ltr'>sunt</span> <span class='ocrx_word' id='word_1_228' title='bbox 986 3531 1166 3596; x_wconf 89' lang='lat' dir='ltr'>necessario</span> <span class='ocrx_word' id='word_1_229' title='bbox 1195 3532 1320 3616; x_wconf 87' lang='lat' dir='ltr'>primae</span> 
     </span>
     <span class='ocr_line' id='line_1_30' title="bbox 176 3637 1318 3723; baseline 0 -19"><span class='ocrx_word' id='word_1_230' title='bbox 176 3639 401 3705; x_wconf 89' lang='lat' dir='ltr'>declinationis</span> <span class='ocrx_word' id='word_1_231' title='bbox 424 3643 460 3704; x_wconf 92' lang='lat' dir='ltr'>ut</span> <span class='ocrx_word' id='word_1_232' title='bbox 484 3663 503 3704; x_wconf 90' lang='lat' dir='ltr'>a</span> <span class='ocrx_word' id='word_1_233' title='bbox 525 3638 644 3723; x_wconf 90' lang='lat' dir='ltr'>plica·</span> <span class='ocrx_word' id='word_1_234' title='bbox 671 3637 767 3722; x_wconf 85' lang='lat' dir='ltr'>flexa,</span> <span class='ocrx_word' id='word_1_235' title='bbox 799 3637 855 3702; x_wconf 87' lang='lat' dir='ltr'>sed</span> <span class='ocrx_word' id='word_1_236' title='bbox 877 3639 1044 3722; x_wconf 91' lang='lat' dir='ltr'>tamquam</span> <span class='ocrx_word' id='word_1_237' title='bbox 1068 3660 1088 3702; x_wconf 91' lang='lat' dir='ltr'>a</span> <span class='ocrx_word' id='word_1_238' title='bbox 1109 3637 1219 3722; x_wconf 93' lang='lat' dir='ltr'>plic·,</span> <span class='ocrx_word' id='word_1_239' title='bbox 1247 3659 1318 3704; x_wconf 90' lang='lat' dir='ltr'>curn</span> 
     </span>
     <span class='ocr_line' id='line_1_31' title="bbox 176 3729 1320 3832; baseline -0.002 -20"><span class='ocrx_word' id='word_1_240' title='bbox 176 3747 321 3832; x_wconf 85' lang='lat' dir='ltr'>singulas</span> <span class='ocrx_word' id='word_1_241' title='bbox 345 3747 462 3831; x_wconf 88' lang='lat' dir='ltr'>stirpes</span> <span class='ocrx_word' id='word_1_242' title='bbox 486 3745 624 3831; x_wconf 85' lang='lat' dir='ltr'>pristina</span> <span class='ocrx_word' id='word_1_243' title='bbox 648 3747 737 3809; x_wconf 87' lang='lat' dir='ltr'>aetas</span> <span class='ocrx_word' id='word_1_244' title='bbox 765 3765 831 3809; x_wconf 93' lang='lat' dir='ltr'>non</span> <span class='ocrx_word' id='word_1_245' title='bbox 855 3743 915 3829; x_wconf 90' lang='lat' dir='ltr'>eis,</span> <span class='ocrx_word' id='word_1_246' title='bbox 943 3767 1021 3830; x_wconf 88' lang='lat' dir='ltr'>quas</span> <span class='ocrx_word' id='word_1_247' title='bbox 1049 3729 1182 3828; x_wconf 85' lang='lat' dir='ltr'>postera</span> <span class='ocrx_word' id='word_1_248' title='bbox 1204 3744 1320 3828; x_wconf 85' lang='lat' dir='ltr'>finivit,</span> 
     </span>
     <span class='ocr_line' id='line_1_32' title="bbox 176 3849 1318 3940; baseline -0.006 -20"><span class='ocrx_word' id='word_1_249' title='bbox 176 3854 458 3940; x_wconf 85' lang='lat' dir='ltr'>coniugationibus</span> <span class='ocrx_word' id='word_1_250' title='bbox 488 3853 689 3918; x_wconf 87' lang='lat' dir='ltr'>discreverit:</span> <span class='ocrx_word' id='word_1_251' title='bbox 717 3873 776 3917; x_wconf 88' lang='lat' dir='ltr'>nec</span> <span class='ocrx_word' id='word_1_252' title='bbox 807 3873 969 3916; x_wconf 88' lang='lat' dir='ltr'>arcessere</span> <span class='ocrx_word' id='word_1_253' title='bbox 995 3851 1176 3937; x_wconf 89' lang='lat' dir='ltr'>cognitus</span> <span class='ocrx_word' id='word_1_254' title='bbox 1210 3849 1318 3934; x_wconf 88' lang='lat' dir='ltr'>agni-</span> 
     </span>
     <span class='ocr_line' id='line_1_33' title="bbox 174 3956 1359 4045; baseline -0.011 -19"><span class='ocrx_word' id='word_1_255' title='bbox 174 3965 237 4026; x_wconf 92' lang='lat' dir='ltr'>tus</span> <span class='ocrx_word' id='word_1_256' title='bbox 267 3960 449 4045; x_wconf 89' lang='lat' dir='ltr'>participia,</span> <span class='ocrx_word' id='word_1_257' title='bbox 479 3983 561 4044; x_wconf 90' lang='lat' dir='ltr'>quae</span> <span class='ocrx_word' id='word_1_258' title='bbox 585 3961 646 4024; x_wconf 88' lang='lat' dir='ltr'>etsi</span> <span class='ocrx_word' id='word_1_259' title='bbox 670 3959 802 4024; x_wconf 88' lang='lat' dir='ltr'>dubium</span> <span class='ocrx_word' id='word_1_260' title='bbox 826 3961 965 4022; x_wconf 90' lang='lat' dir='ltr'>nonest</span> <span class='ocrx_word' id='word_1_261' title='bbox 989 3958 1067 4041; x_wconf 92' lang='lat' dir='ltr'>quin</span> <span class='ocrx_word' id='word_1_262' title='bbox 1090 3978 1129 4022; x_wconf 87' lang='lat' dir='ltr'>ex</span> <span class='ocrx_word' id='word_1_263' title='bbox 1152 3956 1316 4040; x_wconf 88' lang='lat' dir='ltr'>primitiva</span> <span class='ocrx_word' id='word_1_264' title='bbox 1334 3973 1359 4014; x_wconf 83' lang='lat' dir='ltr'>rs</span> 
     </span>
     <span class='ocr_line' id='line_1_34' title="bbox 174 4063 1318 4152; baseline -0.004 -21"><span class='ocrx_word' id='word_1_265' title='bbox 174 4070 340 4132; x_wconf 58' lang='lat' dir='ltr'>not-tus</span> <span class='ocrx_word' id='word_1_266' title='bbox 365 4068 471 4132; x_wconf 85' lang='lat' dir='ltr'>forma</span> <span class='ocrx_word' id='word_1_267' title='bbox 493 4067 680 4152; x_wconf 83' lang='lat' dir='ltr'>prodierint,</span> <span class='ocrx_word' id='word_1_268' title='bbox 702 4071 813 4131; x_wconf 90' lang='lat' dir='ltr'>tamen</span> <span class='ocrx_word' id='word_1_269' title='bbox 837 4065 1011 4150; x_wconf 89' lang='lat' dir='ltr'>ancipitem</span> <span class='ocrx_word' id='word_1_270' title='bbox 1035 4064 1155 4129; x_wconf 88' lang='lat' dir='ltr'>habere</span> <span class='ocrx_word' id='word_1_271' title='bbox 1179 4063 1318 4147; x_wconf 87' lang='lat' dir='ltr'>explica-</span> 
     </span>
     <span class='ocr_line' id='line_1_35' title="bbox 174 4167 1318 4258; baseline -0.003 -19"><span class='ocrx_word' id='word_1_272' title='bbox 174 4178 245 4239; x_wconf 88' lang='lat' dir='ltr'>tum</span> <span class='ocrx_word' id='word_1_273' title='bbox 268 4173 402 4240; x_wconf 86' lang='lat' dir='ltr'>videam.</span> <span class='ocrx_word' id='word_1_274' title='bbox 453 4173 515 4239; x_wconf 81' lang='lat' dir='ltr'>Sed</span> <span class='ocrx_word' id='word_1_275' title='bbox 545 4175 655 4240; x_wconf 89' lang='lat' dir='ltr'>eodem</span> <span class='ocrx_word' id='word_1_276' title='bbox 684 4196 761 4238; x_wconf 89' lang='lat' dir='ltr'>sane</span> <span class='ocrx_word' id='word_1_277' title='bbox 790 4195 852 4258; x_wconf 93' lang='lat' dir='ltr'>quo</span> <span class='ocrx_word' id='word_1_278' title='bbox 877 4167 1002 4238; x_wconf 69' lang='lat' dir='ltr'>stritus</span> <span class='ocrx_word' id='word_1_279' title='bbox 1031 4191 1146 4254; x_wconf 83' lang='lat' dir='ltr'>genere</span> <span class='ocrx_word' id='word_1_280' title='bbox 1175 4191 1318 4254; x_wconf 88' lang='lat' dir='ltr'>eompre-</span> 
     </span>
    </p>
   </div>
   <div class='ocr_carea' id='block_1_5' title="bbox 174 4275 1318 4579">
    <p class='ocr_par' dir='ltr' id='par_1_6' title="bbox 174 4275 1318 4579">
     <span class='ocr_line' id='line_1_36' title="bbox 174 4275 1318 4365; baseline -0.005 -19"><span class='ocrx_word' id='word_1_281' title='bbox 174 4281 281 4346; x_wconf 88' lang='lat' dir='ltr'>hendo</span> <span class='ocrx_word' id='word_1_282' title='bbox 305 4304 322 4346; x_wconf 88' lang='lat' dir='ltr'>e</span> <span class='ocrx_word' id='word_1_283' title='bbox 346 4287 380 4346; x_wconf 77' lang='lat' dir='ltr'>ol</span> <span class='ocrx_word' id='word_1_284' title='bbox 404 4282 505 4365; x_wconf 86' lang='lat' dir='ltr'>stirpe</span> <span class='ocrx_word' id='word_1_285' title='bbox 528 4281 615 4346; x_wconf 88' lang='lat' dir='ltr'>facta</span> <span class='ocrx_word' id='word_1_286' title='bbox 639 4283 738 4345; x_wconf 77' lang='lat' dir='ltr'>citus</span> <span class='ocrx_word' id='word_1_287' title='bbox 763 4282 872 4344; x_wconf 79' lang='lat' dir='ltr'>altus.</span> <span class='ocrx_word' id='word_1_288' title='bbox 908 4277 991 4342; x_wconf 89' lang='lat' dir='ltr'>Item</span> <span class='ocrx_word' id='word_1_289' title='bbox 1015 4275 1318 4360; x_wconf 88' lang='lat' dir='ltr'>comprehenderem</span> 
     </span>
     <span class='ocr_line' id='line_1_37' title="bbox 176 4382 1318 4474; baseline -0.002 -22"><span class='ocrx_word' id='word_1_290' title='bbox 176 4391 305 4474; x_wconf 82' lang='lat' dir='ltr'>quitus</span> <span class='ocrx_word' id='word_1_291' title='bbox 329 4390 460 4471; x_wconf 82' lang='lat' dir='ltr'>quttus</span> <span class='ocrx_word' id='word_1_292' title='bbox 484 4409 556 4452; x_wconf 87' lang='lat' dir='ltr'>cunr</span> <span class='ocrx_word' id='word_1_293' title='bbox 575 4383 804 4472; x_wconf 85' lang='lat' dir='ltr'>grammaticis,</span> <span class='ocrx_word' id='word_1_294' title='bbox 828 4383 855 4448; x_wconf 92' lang='lat' dir='ltr'>si</span> <span class='ocrx_word' id='word_1_295' title='bbox 873 4382 970 4448; x_wconf 90' lang='lat' dir='ltr'>modo</span> <span class='ocrx_word' id='word_1_296' title='bbox 987 4404 1058 4446; x_wconf 89' lang='lat' dir='ltr'>earn</span> <span class='ocrx_word' id='word_1_297' title='bbox 1077 4404 1197 4468; x_wconf 86' lang='lat' dir='ltr'>vocem,</span> <span class='ocrx_word' id='word_1_298' title='bbox 1221 4407 1318 4468; x_wconf 90' lang='lat' dir='ltr'>quam</span> 
     </span>
     <span class='ocr_line' id='line_1_38' title="bbox 175 4487 1316 4579; baseline -0.003 -20"><span class='ocrx_word' id='word_1_299' title='bbox 175 4493 333 4579; x_wconf 89' lang='lat' dir='ltr'>corripuit</span> <span class='ocrx_word' id='word_1_300' title='bbox 364 4492 535 4557; x_wconf 87' lang='lat' dir='ltr'>Terentius</span> <span class='ocrx_word' id='word_1_301' title='bbox 567 4491 712 4577; x_wconf 83' lang='lat' dir='ltr'>Hecyrae</span> <span class='ocrx_word' id='word_1_302' title='bbox 741 4487 797 4574; x_wconf 89' lang='lat' dir='ltr'>IV,</span> <span class='ocrx_word' id='word_1_303' title='bbox 823 4491 850 4574; x_wconf 88' lang='lat'>1,</span> <span class='ocrx_word' id='word_1_304' title='bbox 874 4489 925 4576; x_wconf 77' lang='lat'>57,</span> <span class='ocrx_word' id='word_1_305' title='bbox 960 4511 1093 4574; x_wconf 87' lang='lat' dir='ltr'>usquam</span> <span class='ocrx_word' id='word_1_306' title='bbox 1128 4489 1316 4577; x_wconf 90' lang='lat' dir='ltr'>productam</span> 
     </span>
    </p>
   </div>
   <div class='ocr_carea' id='block_1_6' title="bbox 0 0 1628 5082">
    <p class='ocr_par' dir='ltr' id='par_1_7' title="bbox 0 0 1628 5082">
     <span class='ocr_line' id='line_1_39' title="bbox 0 0 1628 5082; baseline 0 4"><span class='ocrx_word' id='word_1_307' title='bbox 0 0 1628 5082; x_wconf 95' lang='lat' dir='ltr'> </span> 
     </span>
    </p>
   </div>
  </div>
 </body>
</html>
