3246 5074
294 401 360 467 550
530 413 675 464 ramosa
698 411 923 461 nsumrrems
947 409 1207 459 errassemosu

293 560 366 624 nale
390 560 558 645 vulgatam
581 555 630 644 (O.
653 557 679 622 Ι.
702 554 737 622 L.
760 555 777 620 Ι
799 579 830 640 p.
852 555 916 620 196
939 577 970 618 n.
991 553 1056 618 720
1081 551 1223 635 [ltitechl
1241 550 1331 618 Tese.
1355 549 1445 636 glad.

294 689 325 732 n.
345 663 409 752 7]):

654 791 1070 861 PILOTIMVS

599 905 765 913 ..ῳ-.-
776 904 1098 912 ..--.------ι-

653 945 1018 1028 ¹nosular

657 1055 1124 1164 carausii*

655 1247 1084 1314 P·LEN·ON·ORE

296 1443 447 1508 Possidet
474 1447 584 1509 autem
612 1444 753 1528 priorem
776 1443 867 1509 illam
896 1445 947 1509 vir
975 1443 1196 1509 nobilissimus
1226 1441 1372 1507 Brunet
1399 1441 1447 1506 de

296 1549 430 1614 Presle
453 1549 630 1634 Parisinus,
653 1572 755 1635 aquo
779 1553 945 1635 acceptam
964 1551 1082 1616 eximia
1101 1550 1255 1616 comitate
1278 1570 1387 1614 meum
1410 1549 1448 1614 in

296 1679 391 1722 usum
423 1657 511 1722 illius
544 1658 679 1745 conlega
711 1657 909 1724 clarissimus
941 1656 1132 1725 Aemilius
1164 1655 1293 1742 Egger
1324 1657 1446 1739 ectypo

297 1763 466 1830 chartaceo
490 1764 658 1849 expressit.
690 1762 795 1840 Quam
817 1763 874 1829 ubi
896 1785 963 1829 non
982 1785 1051 1828 csse
1073 1755 1248 1828 eburneam
1268 1783 1447 1846 osseamva

297 1871 350 1935 sed
376 1891 504 1935 aeream
527 1891 709 1954 narravero,
731 1869 826 1935 facile
849 1869 1021 1956 praevideo
1046 1891 1143 1954 quam
1166 1868 1200 1934 id
1217 1868 1261 1933 sit
1279 1867 1446 1952 plerisque

297 1975 507 2059 suspitiosum
537 1974 689 2040 visurum.
739 1973 788 2040 De
816 1997 881 2040 una
909 1975 1012 2040 adhuc
1039 1996 1134 2041 aerea
1162 1975 1334 2040 constabat
1361 1997 1446 2060 quae

297 2086 348 2146 est
369 2081 515 2146 thesauri
537 2080 713 2144 nummarii
732 2079 872 2145 Parisini
896 2103 969 2146 oum
988 2081 1190 2147 bibliotheca
1208 2081 1379 2166 coniuncti,
1403 2082 1446 2148 ad

296 2211 407 2253 verum
430 2191 674 2272 repraesentata
696 2185 731 2252 P.
750 2186 789 2252 L.
804 2186 847 2252 M.
865 2187 903 2252 Ε.
926 2188 992 2252 tab.
1011 2186 1135 2253 Xovll
1158 2188 1219 2252 sub
1237 2189 1279 2252 H
1297 2185 1346 2275 (0.
1365 2187 1391 2254 Ι.
1409 2187 1445 2252 L.

296 2295 312 2360 I
336 2293 418 2361 Add.
441 2317 471 2380 p.
491 2295 558 2362 560
582 2293 685 2376 [Tess.
708 2294 794 2380 glad.
817 2317 847 2358 n.
867 2293 887 2358 3
911 2295 1020 2380 ibique
1043 2295 1109 2360 tab.
1128 2293 1178 2359 III
1197 2294 1274 2380 B]):

658 2481 745 2545 D·
799 2479 1074 2546 IVNIVS

601 2589 821 2596 ——mu-
839 2589 918 2597 ----—
926 2589 1040 2596 -e-——a

657 2631 690 2696 H
716 2633 745 2696 Ε
774 2632 804 2696 R
832 2631 866 2694 M
894 2630 922 2696 Ε
947 2631 974 2696 Τ
998 2631 1028 2696 V
1053 2630 1074 2696 S

658 2781 811 2849 SPEOT
839 2818 846 2833 ·
874 2784 906 2848 Κ
933 2819 940 2832 ·
971 2781 1075 2847 Mla

657 2933 691 2996 M
729 2933 879 2999 LEPID
917 2934 944 3010 Q
983 2931 1076 2998 ΟΑΤ

298 3113 337 3177 de
360 3134 425 3197 qua
448 3113 494 3176 sic
522 3111 765 3178 commentabar
791 3109 906 3176 Enarr.
929 3133 958 3195 p.
978 3111 1033 3176 90:
1064 3105 1228 3176 ‘Dubitari
1256 3109 1310 3175 rix
1336 3114 1448 3194 potest

300 3219 378 3305 quin
400 3240 466 3283 non
490 3219 535 3284 sit
558 3240 596 3282 ex
620 3218 814 3302 antiquitate
838 3218 976 3302 prodita,
1000 3217 1056 3283 sed
1077 3216 1204 3283 novicio
1229 3217 1367 3282 artifieio
1391 3217 1446 3281 tri-

298 3326 440 3410 buenda‚
473 3315 513 3390 ut'
537 3346 619 3409 quae
647 3346 687 3389 ne
717 3346 810 3390 ossea
836 3325 965 3408 quidem
996 3325 1040 3388 sit
1069 3323 1120 3389 vel
1147 3317 1300 3408 eburnea,
1332 3345 1445 3390 verum

298 3455 362 3498 uno
387 3433 456 3498 solo
480 3432 514 3498 in
538 3431 653 3497 ceteris
678 3431 827 3496 omnibus
847 3431 994 3514 exemplo
1014 3451 1116 3495 aerea.
1154 3427 1356 3516 Quamquam
1374 3432 1445 3496 fieri

298 3542 408 3624 potest
430 3543 467 3604 ut
489 3543 582 3604 retus
606 3539 817 3622 archetypum
841 3559 969 3603 osseum
998 3538 1065 3602 sive
1091 3535 1245 3602 falsarius
1274 3537 1342 3602 sive
1364 3537 1444 3602 ludi·

300 3646 426 3710 bundus
450 3645 543 3710 faber
565 3645 712 3710 imitatus
736 3643 800 3709 sit'
832 3643 877 3708 Et
898 3643 982 3709 hano
1002 3644 1130 3729 quidem
1150 3643 1340 3709 defendendi
1358 3645 1444 3710 viam

300 3756 337 3818 ut
365 3753 406 3818 ab
429 3752 577 3818 Hermeti
604 3757 727 3818 tessera
753 3751 955 3837 gravissimis
986 3749 1025 3816 de
1053 3752 1173 3818 caussis
1205 3773 1274 3816 esse
1303 3751 1445 3817 alienam

298 3881 384 3926 nunc
407 3859 572 3946 intellego,
595 3859 643 3924 ita
667 3859 809 3944 apprime
832 3858 945 3923 cadere
969 3858 1003 3923 in
1022 3857 1223 3924 Preslianam
1247 3858 1445 3924 confidenter

244 3966 437 4035 maffirmo.
471 3964 616 4030 Primum
640 3965 727 4028 enim
750 3965 825 4029 huic
849 3965 972 4030 adnexa
989 3965 1023 4030 in
1042 3988 1154 4032 museo
1173 3965 1342 4031 Presliano
1364 3969 1445 4030 nota

299 4072 517 4158 chirographa
542 4076 682 4138 testatur
705 4073 875 4154 exemplam
897 4093 960 4139 csse
981 4074 1136 4157 archetypi
1146 4057 1196 4140 'ab
1214 4073 1321 4138 obtato
1334 4071 1445 4139 Oarolo

297 4179 443 4262 Philippo
458 4175 608 4263 Camffioa
635 4179 671 4244 de
686 4180 804 4244 Tarson
821 4182 953 4262 possessi
976 4177 1031 4267 (de
1054 4202 1117 4265 quo
1140 4201 1206 4244 uon
1228 4179 1366 4265 ignobili
1390 4201 1445 4244 au-

299 4287 442 4371 tiquario
465 4287 537 4352 vide
557 4285 788 4372 ‘Biographiae
811 4286 1015 4354 universalis'
1038 4291 1062 4352 t.
1079 4283 1168 4352 XLV
1192 4309 1221 4370 p.
1240 4284 1331 4372 195):
1358 4283 1444 4370 quod

299 4393 509 4477 archetypum
538 4392 616 4477 quid
639 4393 775 4477 impedit
792 4394 963 4478 quominus
988 4415 1115 4460 osseum
1133 4391 1234 4458 fuisse
1253 4391 1444 4458 credemus?

300 4495 362 4562 Sed
382 4499 479 4562 etiam
506 4499 662 4563 maiorem
683 4499 782 4564 fidem
803 4499 884 4566 facit
905 4500 979 4583 ipsa
1000 4504 1141 4566 tesserae
1159 4497 1340 4584 inscriptio,
1363 4519 1444 4584 quoe
