3246 5082
433 395 554 444 ronsrs
578 395 774 444 servanus
799 395 1033 445 srrcruscrvn.
1238 380 1300 444 301

156 559 274 624 eosque
302 560 341 602 ex
372 543 466 622 parte
495 561 609 623 parum
637 539 755 624 bonos,
788 563 805 605 e
834 539 991 604 Gellianis
1004 571 1010 585 =
1025 539 1101 604 libri
1130 536 1304 604 Octauiani

155 646 353 711 testimoniis
377 650 471 734 tanta
494 647 624 711 lieentia
652 647 809 730 effingens
834 651 986 731 quantam
1017 666 1149 731 prorsus
1172 645 1305 710 damnet

156 753 236 818 artis
261 752 425 817 severitas.
463 752 500 816 Id
524 775 589 818 non
612 753 699 838 fugit
721 775 859 838 magnae
882 755 987 818 virum
1011 752 1214 817 auctoritatis
1231 750 1303 816 Au-

155 863 311 944 gustum
334 857 586 943 Bceclrhium,
609 859 647 923 de
671 859 783 925 eodem
803 863 994 944 argumento
1014 881 1117 943 nuper
1138 859 1304 942 disputan-

155 971 222 1032 tem
245 967 279 1030 in
294 965 386 1030 Actis
410 965 593 1031 academiae
617 966 725 1051 regiae
740 966 959 1030 Berolinensis
979 968 1099 1031 mensis
1118 963 1205 1030 Maii.
1238 964 1330 1030 Vbir

154 1073 320 1158 quantivis
343 1071 500 1136 acuminis
529 1093 649 1136 novum
672 1071 901 1135 documentum
929 1071 978 1134 vir
1006 1071 1156 1136 laudibus
1183 1071 1304 1137 nostris

156 1179 261 1244 maior
279 1179 428 1260 ediderit,
451 1182 560 1242 tamen
583 1199 642 1243 nec
665 1177 713 1242 rei
737 1199 910 1260 summam,
933 1179 1126 1262 septenariis
1146 1176 1304 1243 Catonem

154 1284 359 1368 praecepisse
374 1283 412 1348 de
428 1283 581 1366 moribus,
600 1283 763 1368 persuasit
782 1304 841 1346 nec
858 1282 988 1368 singula
1002 1285 1049 1348 ita
1064 1283 1304 1350 administrarit

155 1395 193 1454 ut
224 1411 291 1454 non
323 1389 356 1453 in
389 1389 631 1454 conformandis
664 1393 697 1452 et
729 1389 874 1458 versibus
908 1394 941 1454 et
969 1391 1139 1456 sententiis
1168 1395 1201 1456 et
1231 1413 1305 1456 cou-

155 1495 390 1562 structionibus
414 1493 611 1578 aliquotiens
635 1496 685 1560 rel
710 1495 956 1579 simplicitatem
974 1497 1026 1561 vel
1046 1498 1125 1563 adeo
1145 1498 1304 1564 rationem

155 1603 327 1668 desideres.
377 1600 446 1666 Nec
472 1601 554 1665 illud
582 1623 647 1666 non
675 1601 831 1666 miremur
860 1603 1038 1686 paullulum
1070 1625 1139 1686 cur,
1166 1605 1226 1694 ,qui
1253 1606 1305 1669 vel

155 1708 309 1775 addendis
333 1708 385 1773 vel
409 1707 573 1772 mutandis
593 1707 728 1792 syllabis
748 1707 922 1773 vocibusvc
940 1713 1068 1773 tantum
1083 1710 1146 1774 sibi
1165 1711 1305 1795 sumpsit

156 1820 324 1901 quantum,
347 1815 402 1899 qui
425 1813 630 1880 librariorum
655 1815 689 1878 in
712 1835 750 1879 eo
772 1836 891 1901 genere
909 1814 1088 1880 socordiam
1107 1839 1166 1882 usu
1186 1837 1303 1902 cogno·

156 1924 277 2008 vimus,
310 1943 500 1988 concessum
528 1943 597 1986 esse
625 1925 776 2005 putamus
802 1943 927 2000 omnes,
960 1925 1070 1988 temen
1097 1947 1197 1989 unum
1224 1925 1304 1990 illud

150 2051 261 2126 genus
284 2029 527 2110 emendationis,
551 2028 636 2113 quod
660 2033 693 2094 et
716 2029 780 2094 leni
804 2032 837 2092 et
859 2028 985 2094 modica
1007 2029 1185 2094 vicinarum
1209 2051 1303 2096 vocu-

155 2139 262 2202 larum
285 2136 539 2221 transpositione
569 2135 764 2220 continetur,
796 2135 844 2201 ita
873 2135 981 2202 dedita
1009 2159 1107 2221 opera
1135 2136 1305 2223 defugerit,

157 2244 251 2330 quasi
274 2244 309 2308 iu
332 2243 417 2308 hanc
439 2246 565 2328 partem
589 2242 692 2307 eidem
711 2243 761 2307 illi
780 2265 954 2328 numquam
973 2245 1146 2328 peccarint.
1173 2243 1303 2311 Tertius

155 2352 321 2416 insecutus
345 2353 396 2414 est
414 2348 599 2413 Alfredus
622 2348 898 2414 Fleckeisenus
922 2353 1056 2414 noster
1079 2349 1174 2414 editis
1194 2372 1304 2416 mense

157 2455 347 2541 Septembre
371 2460 404 2520 et
429 2455 596 2540 eleganter
619 2458 655 2519 ut
679 2455 762 2520 solet
784 2455 949 2520 adornatis
970 2455 1179 2522 ‘Catonianae
1198 2459 1305 2541 poesis

155 2561 316 2648 reliquiis'
345 2562 552 2628 Francofurti
582 2562 622 2627 ad
650 2561 812 2627 Moenum.
863 2561 949 2638 Quas
977 2563 1034 2629 ille
1063 2564 1189 2648 aliquot
1218 2563 1303 2649 frag·

155 2673 339 2735 mentorum
372 2670 555 2752 accessione
593 2673 704 2734 auctas
742 2671 838 2754 (quae
871 2671 1046 2738 maximam
1080 2673 1206 2754 partem
1238 2665 1325 2736 iam'

156 2775 249 2842 Otto
272 2776 433 2841 Iahnius
458 2776 612 2860 tetigerat
634 2777 668 2842 in
683 2775 776 2842 Actis
796 2777 963 2842 societatis
978 2775 1155 2843 Saronicus
1174 2801 1201 2842 a.
1219 2777 1304 2844 1850

155 2906 186 2969 p.
205 2883 270 2948 263
290 2881 373 2970 sqq.)
402 2905 473 2949 cum
506 2905 591 2948 noro
622 2883 798 2969 subtilique
826 2885 957 2952 invento
986 2885 1131 2950 versibus
1155 2883 1303 2952 Sotadeis

156 2990 337 3056 describere
364 2989 521 3073 instituit,
556 2991 735 3060 mutatione
764 2991 892 3075 quidem
922 2993 1057 3058 subinde
1085 2993 1304 3077 probabiliore

156 3119 254 3182 quam
269 3096 453 3162 Boeclrhias
476 3118 544 3161 rem
568 3097 740 3182 expedivit,
763 3099 819 3164 sed
842 3103 950 3164 tamen
974 3103 1012 3164 ut
1033 3121 1092 3164 nec
1114 3100 1148 3164 in
1168 3099 1304 3185 singulis
1412 3077 1416 3094 ’

37 3213 43 3237 ’
155 3204 264 3269 desint
291 3226 373 3290 quae
401 3203 595 3288 displiceant
623 3202 726 3289 (velut
752 3227 866 3289 parum
894 3206 944 3270 vel
969 3207 1134 3291 eleganter
1164 3207 1215 3271 vel
1239 3207 1303 3272 usi-

155 3314 223 3376 tate
246 3311 280 3375 in
299 3311 387 3376 exitu
412 3333 523 3376 versus
547 3311 732 3376 conlocatae
754 3313 784 3378 si
806 3333 859 3378 sea
881 3313 1068 3396 particulae,
1091 3313 1125 3377 in
1142 3313 1303 3397 principio

157 3440 185 3483 r.
204 3417 245 3482 21
270 3415 341 3502 est),
364 3439 424 3483 nec
446 3418 479 3482 id
503 3418 619 3502 ipsum,
642 3417 728 3503 quod
752 3423 802 3483 est
819 3419 1059 3502 gravissimum,
1082 3441 1102 3482 a
1119 3417 1215 3483 nobis
1235 3418 1304 3502 qui·

156 3521 228 3588 dem
252 3523 447 3608 impetrarit,
475 3528 513 3588 ut
535 3528 567 3588 et
591 3521 749 3590 Sotadeos
778 3529 810 3588 et
832 3523 916 3590 tales
940 3521 1096 3589 Sotadeos
1121 3546 1140 3589 a
1163 3521 1206 3588 M.
1234 3545 1304 3588 esse

157 3627 280 3698 Catone
312 3630 414 3696 factos
448 3652 520 3695 cum
552 3630 662 3715 aliqua
693 3631 788 3696 nobis
821 3630 1017 3696 confidentia
1045 3631 1304 3715 persuadeamus.

156 3735 278 3801 Verum
297 3736 372 3820 hoc,
400 3737 591 3802 cuicuimodi
615 3741 682 3822 est,
714 3737 747 3802 in
771 3738 936 3823 praesenti
963 3761 1029 3804 uon
1052 3739 1216 3822 insistam,
1249 3737 1304 3804 sed

157 3841 383 3908 Saturniorum
408 3843 515 3927 potius
545 3865 690 3911 meorum
718 3845 899 3928 exemplum
922 3867 1115 3929 proponam,
1143 3865 1303 3930 quocum

156 3947 312 4016 Boeclrhii
331 3949 595 4036 Fleckeisenique
619 3951 774 4034 exemplis
799 3951 868 4016 sine
892 3951 999 4017 studio
1023 3955 1058 4016 et
1080 3951 1201 4016 invidia
1220 3973 1303 4016 oom-

156 4060 271 4142 parato
295 4055 466 4141 unicnique
489 4055 626 4121 liberum
650 4057 802 4121 iudicium
826 4061 911 4142 esto,
939 4079 1037 4142 penes
1062 4047 1156 4142 quein
1179 4061 1212 4122 et
1235 4079 1303 4121 mu-

156 4163 247 4228 tandi
267 4162 460 4228 modestiam
480 4165 513 4226 et
526 4145 677 4227 versuum
692 4162 944 4228 concinnitatem
966 4163 1121 4228 maiorem
1136 4165 1303 4248 agnoscat.

154 4267 419 4336 Concinnitetem
443 4271 550 4334 autem
574 4289 645 4334 eam
669 4269 876 4354 potissimum
894 4269 975 4352 dico,
999 4269 1134 4354 quaein
1153 4291 1303 4335 versuum

157 4377 452 4462 sententiarumque
473 4375 598 4440 ambitu
617 4380 693 4459 apte
713 4380 956 4461 opportuneque
975 4375 1181 4461 exaequando
1202 4378 1303 4443 cerni·

155 4486 218 4548 tur.
264 4481 379 4564 Itaque
402 4475 699 4548 Fleckeisenianum
728 4481 878 4550 ordinem·
901 4483 1134 4549 senteutiarum
1163 4484 1209 4549 ita
1236 4484 1303 4550 fere
1358 4482 1363 4488 ’
