3116 5066
434 373 622 422 nrnrsarvn
646 373 898 424 eoernomnvn.
1178 356 1238 422 121

124 515 270 599 scripsisse
295 517 355 586 Cri
381 537 469 600 saepe
496 519 580 584 nala
606 519 731 601 inposui
756 519 924 602 plaparara
952 519 986 582 ia
1012 517 1093 582 dara
1115 514 1268 582 Noniusv

125 624 244 688 taum
259 647 286 708 p.
307 623 382 690 496.
429 623 515 690 Nam
543 625 582 691 de
606 625 703 692 Accio
733 625 832 690 dubia
859 647 910 690 res
933 628 998 708 est,
1021 625 1164 706 adposuit
1185 623 1242 688 ille

121 749 157 792 an
184 729 307 796 instituit
337 731 504 816 scripserit
535 731 569 798 in
596 731 686 798 Ionis
721 753 830 818 versu⁸
847 731 932 816 apud
965 730 1166 798 Priscianum
1195 729 1242 795 VI

121 855 146 916 p.
165 835 231 919 685,
251 842 285 902 nt
306 859 345 902 ex
364 836 496 920 Ottonis
515 839 686 906 ltibbeckii
709 839 773 906 mei
792 838 1048 924 locupletissimo
1068 839 1242 924 eodemque

121 943 301 1012 castissimo
326 949 484 1030 apparatu
508 945 613 1012 didici.

198 1049 299 1118 Paullo
323 1051 430 1136 magis
453 1053 642 1140 ambiguum
666 1052 707 1118 de
729 1053 826 1136 tertio
844 1051 999 1118 iudicium
1018 1057 1077 1137 est,
1099 1054 1183 1138 quod
1202 1055 1243 1118 ad

122 1154 169 1220 AF
191 1158 455 1242 praepositionem
483 1163 619 1244 spectat.
664 1159 770 1236 Quam
793 1159 932 1226 formam
955 1181 1058 1246 paene
1081 1161 1244 1227 oblivione

120 1261 249 1330 obrutam
271 1265 401 1351 egregio
421 1267 568 1334 acumine
589 1265 769 1334 Guilelmus
787 1266 966 1334 Freundius
985 1267 1190 1334 resuscitavit
1208 1267 1242 1332 in

119 1367 235 1436 scholiis
260 1372 361 1440 lexico
391 1396 449 1440 suo
480 1374 667 1458 praemissis
691 1396 722 1459 p.
745 1371 854 1440 LVIII
877 1395 946 1460 sqq.
992 1373 1058 1440 Vbi
1082 1398 1102 1440 a
1124 1374 1241 1440 Prisci-

119 1477 164 1540 ani
184 1479 366 1561 planissimo
394 1481 581 1548 testimonio
611 1479 775 1566 profectus
805 1480 821 1546 I
848 1505 878 1566 p.
902 1482 958 1548 56:
986 1481 1113 1548 habetat
1138 1487 1242 1548 autem

118 1582 180 1650 laec
199 1585 231 1652 F
247 1587 346 1663 littera
367 1587 450 1654 tarrac
469 1609 581 1654 smerm
607 1609 697 1671 quem
719 1608 802 1654 noae
823 1587 912 1655 tabat
940 1588 970 1654 V
988 1589 1051 1654 loco
1072 1609 1240 1656 mosoma

119 1692 152 1756 tis
165 1695 273 1778 matr,
296 1697 378 1762 ande
399 1696 523 1778 aaran
544 1695 592 1776 af
614 1717 674 1778 pro
701 1695 744 1761 at
771 1695 898 1762 aeratae
924 1695 1072 1762 solebant:
1094 1697 1148 1762 sed
1167 1697 1242 1778 qaia

118 1818 172 1862 raa
186 1806 276 1882 potest
294 1823 375 1887 narr,
398 1803 433 1868 id
454 1808 498 1870 cst
519 1805 691 1887 daemona,
714 1803 749 1868 ia
770 1805 832 1886 fiae
854 1804 989 1886 syllabae
1007 1805 1153 1887 inueniri,
1175 1805 1242 1870 ideo
1351 1835 1354 1840 ·

119 1911 222 1972 :aaa
249 1915 290 1976 est
319 1911 355 1975 ia
386 1907 413 1988 b,
441 1908 503 1976 hoe
532 1909 612 1976 duce
644 1910 823 1976 rectissime
852 1932 930 1976 usus
964 1913 1013 1976 est
1045 1909 1085 1974 ad
1119 1911 1241 1974 certam

118 2013 355 2082 emendationem
392 2035 464 2082 cum
497 2014 583 2082 Velii
615 2015 719 2102 Longi
755 2015 862 2082 verbis
900 2015 1134 2082 admovendam
1170 2019 1241 2080 tom

118 2117 265 2188 Tullianae
294 2123 329 2190 in
357 2119 495 2190 Oratore
527 2123 569 2188 47
599 2125 619 2204 ξ
649 2123 712 2188 158
744 2122 967 2206 disputationi.
1013 2123 1156 2201 Quorum
1187 2123 1241 2189 hic

119 2245 171 2292 arao
190 2229 286 2313 inquit
302 2230 491 2312 praepositae
514 2235 558 2322 est
579 2231 626 2312 as
642 2228 811 2318 (vulgatur
833 2231 891 2316 ab)
909 2253 1003 2315 capae
1019 2252 1102 2298 aseae
1120 2235 1241 2298 tartara

119 2333 145 2396 tn
163 2338 266 2418 saepti
291 2337 404 2402 aare
426 2341 530 2402 maaet
555 2343 584 2402 et
609 2357 649 2402 nc
674 2336 723 2402 aa
745 2337 866 2419 quidera
889 2341 1041 2424 maiam,
1068 2339 1103 2404 ia
1124 2337 1241 2420 relapsa

116 2459 236 2508 arm
262 2447 382 2508 marna
414 2449 473 2522 est;
510 2443 645 2530 Longus
675 2446 782 2509 autem
815 2465 846 2528 p.
876 2445 963 2510 2224
996 2445 1042 2510 sic
1074 2443 1241 2510 Ciceronis

118 2545 200 2614 verba
230 2548 306 2614 bene
330 2551 506 2618 enarravit:
533 2571 616 2618 nanc
638 2551 681 2616 aa
705 2551 948 2634 praepositiones
971 2556 1172 2634 tarseorum,
1194 2555 1240 2614 at

116 2671 162 2730 tlt
180 2655 354 2739 twipieraas
370 2659 410 2724 at
432 2659 490 2724 illa
507 2676 602 2741 pam
619 2657 722 2724 Oicero
741 2658 776 2722 ta
796 2655 924 2722 Oratore
941 2658 1112 2722 adaomait.
1146 2657 1242 2722 aomo

116 2759 380 2834 aimmosaetado
403 2765 623 2848 inaquosa,
646 2761 1242 2840 ΑείΑΒείΑΒδεέΑΚαεαεη

116 2863 266 2936 diamasa
283 2893 349 2956 mc,
371 2873 479 2938 Made
496 2871 539 2938 at
557 2871 639 2950 illo,
661 2871 769 2936 dando
785 2869 957 2953 abstulit,
979 2871 1086 2938 daura
1103 2869 1241 2950 aufert,

116 2977 183 3050 tttd
204 2997 275 3048 sane
301 2983 424 3044 tantam
450 2979 486 3044 ia
512 2977 628 3044 amaa
654 2977 756 3042 acrtr's
782 2982 967 3060 usurpatam
994 2984 1038 3044 est
1063 2979 1193 3059 arefcrt
1214 2982 1243 3044 et

117 3081 251 3165 aasapit.
295 3085 483 3172 micitia
504 3083 785 3166 praepositionibus
815 3089 844 3148 at
874 3084 964 3150 illurn
990 3106 1069 3168 qaae
1097 3085 1242 3152 aetra

113 3203 159 3261 ltr
182 3189 353 3258 Fisternae
381 3189 494 3276 (vulgo
517 3193 551 3256 B
574 3187 723 3276 literam),
746 3211 841 3272 qaam
866 3190 906 3256 ah
929 3192 1067 3290 anapais
1092 3193 1242 3258 canaam

117 3293 155 3354 tlt
176 3300 302 3364 mumma
334 3299 369 3364 ia
395 3299 620 3366 raaaausa
645 3297 681 3363 ta
708 3298 820 3379 saepti
848 3297 974 3364 totalis:
1001 3319 1077 3364 aam
1103 3300 1242 3381 quotieas

116 3407 248 3483 naam
273 3406 440 3489 pacatam
466 3405 648 3486 rofaebaat,
676 3424 739 3468 aaa
767 3399 907 3470 catana
933 3427 955 3470 a
981 3407 1106 3489 Loapa
1128 3407 1181 3470 sed
1201 3407 1248 3487 af
1373 3491 1374 3494 Ἴ

117 3501 222 3592 Loapo
248 3509 301 3598 (ab
328 3511 434 3594 Loapo
462 3509 593 3599 vulgol:
625 3517 653 3576 et
679 3512 753 3578 dicit
783 3511 960 3595 reteprcaem
985 3512 1066 3578 tarro
1091 3512 1242 3579 ardendi

117 3614 187 3688 aad
212 3619 416 3701 mariannes
446 3619 629 3686 retorsisse
660 3617 779 3684 saccata
815 3639 881 3686 sao
929 3619 1010 3684 Tam
1044 3619 1240 3686 laudabilem

119 3721 208 3788 uuam
244 3725 525 3794 ratiocinationem
563 3725 744 3792 mirandum
781 3727 831 3790 est
865 3726 1008 3792 nescisse
1043 3725 1241 3794 Freundium

119 3831 243 3913 exemplo
266 3832 334 3898 ullo
357 3833 580 3917 comprobare,
608 3831 708 3898 immo
734 3851 901 3915 superesse
924 3833 1072 3918 exempla
1094 3853 1241 3918 negasse.

120 3923 203 4014 Atqui
229 3938 435 4024 quinquiens,
464 3939 491 4004 si
518 3943 606 4006 recte
634 3939 814 4021 numeravi,
845 3936 903 4004 AF
930 3943 1038 4006 exstat
1065 3939 1100 4004 in
1128 3961 1240 4006 monu-

120 4042 217 4108 mentis
235 4046 406 4130 scriptum:
429 4047 570 4130 primum
584 4044 659 4112 ns·
673 4043 833 4110 VOBIIIS
852 4045 886 4110 in
906 4044 964 4112 ΞΟ.
983 4045 1022 4112 de
1041 4046 1240 4132 Tiburtibus,

119 4145 188 4218 quod
209 4149 310 4218 habeo
334 4174 391 4218 cur
413 4153 477 4237 ipsi
496 4153 594 4218 exitui
614 4151 734 4218 saeculi
753 4151 836 4216 sexli
854 4152 1010 4236 tribuam;
1033 4151 1146 4217 deinde
1165 4153 1239 4218 AF·
1376 4149 1380 4156 ’

119 4238 224 4322 MVRO
251 4259 285 4326 in
308 4259 520 4326 Praenestina
547 4261 588 4325 ab
611 4259 764 4324 Heuzeno
792 4256 879 4321 edila
901 4256 1006 4321 Musei
1032 4257 1113 4343 phil.
1136 4264 1240 4328 nostri

120 4351 137 4412 t
156 4353 182 4420 V
203 4385 230 4446 p.
256 4366 323 4432 464
347 4364 444 4448 [a-r.
467 4367 503 4434 a.
529 4367 545 4432 1
572 4390 604 4432 n.
635 4365 733 4450 rna
756 4362 791 4428 P.
818 4362 855 4427 a.
877 4361 921 4428 M.
944 4362 981 4430 a.
1005 4365 1070 4431 aa
1093 4365 1240 4454 anun,

120 4474 199 4538 llam
218 4476 289 4538 ante
308 4497 337 4539 a.
356 4475 421 4540 640
439 4474 560 4540 iactam
579 4495 649 4540 esse
667 4467 836 4538 FLAOVS
850 4469 955 4536 forma
973 4471 1075 4560 docet,
1098 4475 1239 4562 adeoque
1359 4464 1365 4482 ⁸
