3246 5082
512 398 720 447 nsmuonvu
745 398 1010 460 aurrqussrurs.
1266 383 1331 450 283

188 538 379 605 Muellerum
404 541 563 628 Bergkius
587 565 616 627 p.
632 540 713 606 VIII
735 545 860 607 tutatus
885 547 948 627 est,
978 544 1159 628 spectantia
1180 543 1240 608 illa
1263 544 1330 629 qui·
1346 545 1371 602 ia

189 646 262 710 dem
291 645 332 710 ad
361 646 475 712 Ianum
506 648 624 717 deum.¹
655 647 748 714 Vnde
776 649 838 714 etsi
865 671 929 714 non
958 671 1035 714 sane
1059 649 1198 715 efficitur
1224 651 1332 736 ipsum

188 753 303 818 Ianum
322 776 392 820 esse
411 755 466 838 qui
480 754 643 821 (tracteris
665 755 797 821 nomine
818 756 977 822 diceretur
1000 757 1200 841 simpliciter,
1222 762 1332 822 tamen

188 860 241 924 via
265 860 381 924 saltem
401 859 591 943 expediendi
613 860 721 926 KERI
744 862 833 927 illius
851 864 1014 947 patefacta
1033 870 1091 928 est.
1124 863 1228 940 Quam
1247 863 1333 927 ultra

188 971 375 1050 persecutus
405 965 626 1032 Mommsenus
656 969 694 1032 de
724 968 798 1034 dial.
826 969 899 1034 Ital.
927 993 958 1053 p.
981 971 1042 1034 133
1073 971 1210 1035 conlatis
1240 969 1332 1034 Oscis
1402 969 1404 974 ’

187 1073 292 1136 kerri
320 1073 442 1138 kerrti
470 1073 583 1139 formis
611 1075 772 1141 intellexit
795 1099 932 1162 aequare
956 1081 1048 1142 vetus
1077 1100 1185 1142 cerus
1213 1099 1332 1142 nomen

188 1180 365 1244 recentiore
388 1203 449 1246 usu
471 1180 712 1265 frequentatam
736 1182 872 1267 genius
896 1183 1033 1248 formam
1056 1184 1294 1270 notionemque.

278 1285 385 1352 Minus
415 1291 522 1352 autem
550 1287 687 1353 feliciter
714 1289 818 1354 eidem
847 1288 979 1355 Secchio
1006 1291 1055 1355 illi
1085 1313 1137 1356 res
1171 1293 1268 1356 cessit
1299 1291 1333 1355 in

188 1394 431 1478 interpretando
466 1391 675 1460 AEOETIAI
705 1397 844 1463 nomine.
904 1396 1007 1473 Quam
1040 1398 1132 1463 deam
1169 1419 1241 1462 cnm
1273 1419 1331 1481 pro

189 1501 357 1584 Aegeria
394 1503 517 1585 accepit
554 1503 604 1567 vel
637 1503 780 1588 Egeria
815 1503 1018 1588 formamque
1048 1505 1220 1570 Etruscam
1253 1503 1334 1568 dixit
1469 1577 1476 1586 ¹

188 1607 312 1672 latinae
341 1607 515 1691 Aegedia
547 1608 702 1673 vicariam
734 1631 814 1693 quae
846 1610 1051 1693 postmodum
1083 1611 1268 1676 transiisset
1299 1611 1331 1674 in

189 1712 367 1796 Aegeria,
390 1713 577 1796 responderi
601 1715 721 1799 poterit
744 1715 922 1799 dupliciter.
954 1716 1022 1780 Nec
1042 1717 1128 1781 enim
1147 1718 1181 1781 in
1200 1713 1332 1800 reliq'uis

188 1819 305 1885 horum
328 1821 517 1904 poculorum
547 1822 703 1906 exemplis
727 1822 857 1887 Etrusci
886 1823 1042 1887 sermonis
1070 1821 1290 1907 (abhorrentis
1313 1845 1333 1888 a

189 1925 367 1992 mediarum
391 1949 470 2012 quas
490 1928 694 2013 grammatici
714 1935 830 1994 vocant
849 1930 1095 1995 consonantium
1114 1927 1332 2013 mollibudina)

189 2034 362 2117 vestIgium
386 2035 487 2098 ullum
511 2039 658 2119 apparet,
687 2057 746 2100 nec
769 2037 801 2100 in
825 2037 929 2102 latina
952 2037 1077 2123 lingua,
1100 2041 1137 2101 ut
1159 2059 1236 2102 sane
1259 2059 1277 2100 r
1299 2037 1333 2102 in

188 2141 223 2217 d,
246 2139 293 2204 ita
317 2141 479 2205 contraria
503 2141 725 2207 vicissitudine
748 2145 771 2207 d
791 2143 824 2208 in
848 2165 865 2206 r
888 2145 1005 2208 mutari
1034 2143 1164 2209 solitam
1188 2165 1332 2230 comper·

188 2249 259 2310 tum
284 2251 342 2311 est.
377 2246 548 2331 Singulare
573 2252 621 2312 est
645 2249 729 2313 enim
753 2251 836 2335 quod
861 2251 1046 2316 medidies
1071 2252 1232 2316 exstItisse
1256 2256 1332 2316 ante
1382 2313 1388 2326 ,

189 2353 371 2418 meridies
400 2353 506 2419 Varro
529 2358 668 2420 testatur
696 2357 735 2422 de
758 2357 778 2420 l.
802 2357 857 2422 lat
881 2357 941 2440 VI,
960 2359 994 2421 4:
1027 2359 1116 2422 cuius
1141 2359 1332 2424 mutationis

189 2481 336 2524 caussam
360 2461 425 2526 iam
450 2459 563 2528 Cicero
587 2461 676 2527 Orat.
699 2465 752 2547 47,
773 2465 834 2532 157
859 2464 1021 2529 intellexIt
1044 2465 1181 2530 iteratae
1204 2464 1240 2528 di
1269 2466 1332 2548 syl·

189 2567 284 2632 labae
307 2567 535 2634 insuavItatem
559 2569 668 2635 fuisse.
715 2571 917 2656 Quamquam
942 2572 1041 2636 simili
1065 2572 1144 2636 olim
1169 2573 1333 2636 sententia

189 2673 409 2741 Mommsenus
433 2677 533 2742 fuisse
553 2677 678 2742 videtur
696 2678 735 2742 de
754 2677 828 2742 dial.
847 2679 920 2742 Ital.
940 2701 970 2762 p.
987 2680 1038 2744 28.
1069 2678 1332 2744 Diversissimam

188 2782 276 2847 viam
309 2783 472 2868 Ingressus
506 2783 690 2849 Gerhardus
720 2784 918 2850 Aecetiam
950 2785 1225 2870 interpretabatur
1251 2789 1332 2849 tam-

189 2912 287 2975 quam
320 2889 462 2974 aliquam
497 2890 684 2956 Acetariam
718 2892 768 2956 vel
800 2892 981 2958 Acetanam
1014 2893 1056 2958 ab
1088 2897 1179 2958 aceto
1212 2892 1332 2956 dictam

190 2996 450 3082 I‘Essiggdttin')
478 2997 513 3061 in
536 3003 707 3064 comment.
731 2997 769 3064 de
793 2999 861 3064 deis
884 2999 1097 3067 Etruscorum
1127 3001 1213 3066 edita
1236 2998 1333 3064 Bero-

189 3104 250 3168 lini
273 3125 301 3167 a.
323 3104 405 3168 1847
429 3126 460 3186 p.
480 3104 523 3168 25
541 3126 601 3188 sq.,
633 3105 825 3190 Aegestus
849 3107 1012 3172 Acastus
1040 3108 1173 3172 nomIna
1195 3127 1333 3170 comme-

190 3233 321 3276 morans
345 3211 530 3276 obscuriore
553 3213 762 3295 comparandi
789 3213 1043 3278 ratlacinandive
1071 3213 1219 3279 artificio.
1266 3211 1333 3277 Sci-

189 3317 268 3380 licet
298 3317 433 3381 mirifico
467 3339 598 3400 prorsus
632 3319 779 3383 acumine
809 3319 987 3402 Aegestum
1020 3320 1126 3402 illurn,
1163 3321 1217 3402 qui
1248 3320 1334 3383 Alba

191 3423 308 3488 missus
332 3445 402 3488 esse
420 3421 590 3488 Lavinium
614 3430 773 3508 narratur,
797 3425 837 3488 ab
862 3446 899 3490 eo
924 3426 1123 3509 appellatum
1147 3447 1227 3507 esse,
1249 3425 1333 3508 quod

190 3533 357 3616 tamquam
381 3552 530 3614 praeesse
559 3535 650 3595 aceto
680 3535 713 3594 et
740 3531 863 3594 muriae
890 3534 923 3594 et
949 3533 1057 3614 pernis
1086 3530 1333 3615 petasonibusve

191 3639 348 3722 celsisque
376 3637 554 3702 muriaticis
582 3635 772 3722 (‘Schinlren
801 3637 866 3701 nnd
889 3637 1129 3722 Pukelfleisch’)
1158 3642 1335 3722 putaretur,

190 3747 397 3830 persuaserat
419 3743 480 3808 sibi
506 3743 687 3808 Klausenus
711 3743 749 3808 de
769 3743 878 3807 Aenea
901 3748 934 3806 et
957 3741 1131 3808 Penatibus
1154 3743 1188 3808 Π
1211 3765 1240 3826 p.
1260 3743 1335 3807 689.

190 3853 221 3916 Α
245 3851 333 3935 quali
361 3855 543 3916 commento
571 3851 657 3916 haud
685 3851 732 3915 ita
759 3851 897 3916 multum
926 3849 1131 3915 abhorruerit
1158 3851 1185 3914 si
1214 3849 1269 3933 qui
1296 3849 1334 3913 de

192 3957 351 4043 Segetia
374 3957 434 4022 dea
452 3959 573 4042 cogitet
592 3961 625 4021 et
642 3957 788 4022 conferre
812 3957 974 4043 Segesta
996 3957 1142 4042 Egesta
1166 3957 1335 4040 Aegesta

190 4066 313 4131 formas
338 4065 480 4128 animum
504 4063 646 4128 inducat:
669 4085 784 4147 parum
807 4064 839 4128 id
862 4064 991 4149 quidem
1015 4063 1225 4128 considerate.
1260 4061 1335 4126 Non

191 4171 354 4236 dubitabit
377 4175 457 4256 puto
476 4170 526 4235 vir
548 4169 762 4234 amicissimus
791 4171 824 4234 in
852 4174 1013 4252 nostram,
1041 4169 1138 4233 simul
1162 4171 1259 4252 atque
1283 4191 1335 4233 au-

191 4278 303 4364 dierit,
336 4279 530 4344 sententiam
559 4277 743 4342 concedere:
784 4298 843 4341 nec
871 4276 957 4340 euim
984 4297 1057 4340 mea
1087 4279 1149 4359 est,
1186 4273 1242 4340 sed
1271 4297 1334 4341 uno

191 4389 339 4471 tempore
367 4407 439 4450 cum
469 4385 509 4448 ab
533 4383 652 4449 Iacobo
680 4383 856 4466 Bernaysio
887 4405 995 4448 coram
1025 4385 1095 4446 tum
1124 4404 1182 4466 per
1208 4383 1334 4447 litteras
1348 4409 1374 4446 20

76 4521 85 4528 ·
192 4491 406 4558 aTheodoro
429 4489 632 4556 Mommseno
660 4511 785 4556 mecum
819 4488 1062 4555 communicata.
1110 4488 1251 4568 Quorum
1279 4487 1334 4556 ille
