3246 5082
322 355 389 422 300
592 371 713 422 ronsrs
738 372 934 420 servamur
958 371 1190 422 arrornncrvu.

321 513 414 581 ‘dher
436 515 493 581 das
517 515 658 582 Metram
681 515 785 581 dieser
799 515 914 582 Worta
937 515 996 580 hat
1019 515 1089 581 sich
1112 515 1264 582 niemand
1286 519 1469 601 getussert3

322 622 386 688 und
409 622 491 690 doch
520 623 577 706 ist,
605 621 680 687 dass
709 622 756 688 sie
785 619 950 704 metrisoh‚
968 622 1054 707 sind,
1087 622 1187 688 schon
1215 622 1314 688 durch
1339 619 1470 688 Ciceros

322 730 438 795 Zusatz
465 729 510 794 im
539 727 622 795 Cato
650 752 691 795 m
716 730 783 814 [17,
806 731 863 811 61]
896 730 1070 796 bewiesen:
1108 736 1216 796 nomm
1246 736 1291 796 est
1324 749 1471 796 carmen

320 837 452 902 inertum
483 837 519 902 in
550 837 700 920 emulare,
737 835 866 902 lreilich
898 856 1003 922 gagen
1037 836 1088 902 die
1121 836 1360 922 gewdhnliohe,
1392 837 1470 902 aber

320 942 444 1009 falsehe
457 943 624 1027 Meinung,
646 941 721 1006 dass
739 961 862 1008 corona
881 942 963 1007 auch
982 965 1045 1009 von
1063 941 1303 1010 unmetrischen
1316 943 1470 1009 Formcln

320 1055 437 1136 gesagt
459 1048 584 1115 werde?
631 1049 719 1126 Quae
744 1049 817 1114 cum
842 1049 1045 1133 scripsimus,
1073 1071 1140 1115 non
1169 1071 1280 1116 sumus
1303 1049 1346 1115 M.
1370 1050 1469 1117 Tullii

293 1153 484 1222 sCiceronis
509 1157 620 1242 obliti,
646 1177 742 1241 quem
770 1159 900 1221 constet
927 1157 1077 1222 carminis
1106 1157 1299 1241 vocabulum
1322 1157 1356 1222 in
1379 1157 1469 1242 leges

320 1263 384 1329 XII
407 1263 593 1330 tabularum
617 1262 878 1328 accommodasse
896 1262 981 1327 libro
1000 1261 1033 1326 II
1056 1263 1095 1326 de
1114 1262 1241 1346 legibus
1265 1285 1290 1328 c.
1307 1263 1351 1328 23
1371 1267 1391 1345 ξ
1411 1263 1467 1328 59:
1592 1252 1593 1290 ³

321 1368 403 1434 ‘Iam
427 1375 534 1435 cetera
556 1371 592 1436 in
610 1370 674 1436 XII
698 1368 862 1436 minuendi
887 1377 1036 1455 sumptus
1059 1373 1136 1436 eunt
1158 1369 1467 1455 lamentationisque

320 1476 479 1560 funebris,
506 1476 667 1542 translata
693 1475 732 1540 de
757 1474 886 1542 Solonis
910 1476 977 1541 fere
1000 1475 1138 1563 legibus.
1187 1476 1242 1542 doc
1258 1477 1334 1560 plus
1361 1477 1468 1562 inquit

319 1603 358 1648 ne
372 1581 484 1664 facim:
507 1603 616 1667 rapum
634 1583 720 1648 ascia
737 1603 776 1647 uc
787 1581 895 1665 polito.
922 1584 1029 1648 nostis
1048 1604 1128 1668 quae
1152 1587 1344 1669 sequuntur:
1368 1583 1465 1648 disce·

319 1691 436 1757 bamus
459 1689 546 1790 enim
568 1689 661 1774 pueri
681 1687 743 1754 XII
765 1695 808 1755 ut
831 1711 982 1756 carmen
1004 1690 1278 1773 necessarium,
1301 1711 1382 1774 quas
1401 1689 1466 1754 iam

319 1819 415 1864 nemo
449 1794 565 1862 discit?
613 1795 661 1861 De
687 1795 741 1861 his
769 1795 855 1860 enim
885 1796 992 1862 verbis
1021 1796 1083 1862 etsi
1112 1796 1147 1860 in
1179 1795 1324 1860 diuersas
1356 1799 1465 1879 partes

320 1927 392 1969 cum
416 1903 535 1970 discedi
559 1907 669 1988 potest
692 1908 762 1969 tum
781 1903 958 1968 discessum
977 1908 1035 1982 est,
1058 1907 1169 1968 tamen
1190 1903 1252 1968 arti
1272 1901 1465 1966 conveniens

274 2057 277 2064 -
320 2011 548 2095 interpretatio
572 2011 626 2076 vix
650 2010 737 2076 aliud
759 2011 884 2094 patitur
906 2011 971 2077 nisi
994 2015 1031 2077 ut
1048 2033 1162 2095 reapse
1180 2009 1270 2095 leges
1288 2007 1352 2073 XII
1375 2007 1464 2072 tabu·

319 2118 425 2183 larum
448 2118 525 2184 illae
549 2116 724 2202 aliquando
752 2116 853 2182 fuisse
881 2117 914 2183 in
943 2118 1036 2183 metri
1065 2117 1206 2184 formam
1228 2116 1377 2181 redactae
1401 2135 1464 2178 cre-

321 2223 448 2290 dantur.
495 2223 583 2302 Quae
611 2245 663 2289 res
691 2245 788 2308 quam
816 2227 850 2290 et
878 2247 897 2290 a
925 2225 1079 2290 similium
1109 2223 1352 2309 comparatione
1382 2243 1464 2286 com·

320 2330 561 2397 mandationem
580 2334 614 2396 et
632 2331 874 2396 demonstrandi
894 2331 1107 2416 multiplicem
1122 2331 1304 2397 cautionem
1322 2328 1465 2411 haberet,

320 2435 536 2502 meminerunt
565 2441 658 2522 puto,
687 2438 742 2523 qui
769 2438 908 2522 publicis
937 2437 1057 2504 scholis
1090 2437 1212 2502 nostris
1241 2435 1465 2520 interfuerunt,

320 2543 446 2629 aliquot
470 2544 626 2628 exemplis
649 2545 697 2610 ita
724 2567 784 2612 noe
813 2549 999 2630 persecutos
1022 2565 1108 2628 esse,
1136 2549 1173 2609 ut
1195 2564 1297 2630 genus
1319 2563 1464 2608 numero·

319 2667 391 2716 rum
414 2673 455 2718 ne
477 2651 530 2716 hic
553 2652 683 2738 quidem
711 2651 800 2718 aliud
824 2655 920 2736 atque
944 2633 1131 2715 Saturnium
1161 2649 1261 2714 fuisse
1285 2647 1464 2714 ostendere-

319 2781 401 2826 mus.
433 2757 534 2824 Velut
551 2759 659 2843 ipsum
677 2759 758 2825 illud
778 2755 944 2824 Ciceronis
968 2757 1149 2842 exemplum
1169 2755 1210 2822 ad
1228 2777 1299 2822 eam
1318 2775 1464 2820 normam

318 2865 384 2930 leni
407 2865 502 2930 unius
526 2866 659 2932 voculae
681 2864 936 2949 transpositione
960 2865 1007 2930 sle
1029 2863 1164 2930 accedit:

408 2969 489 3036 Hoc
510 2971 598 3055 plds
622 2993 667 3037 ne
690 2971 830 3038 facito:
853 2971 899 3035 ne
921 2992 1055 3056 rogum
1077 3007 1100 3016 -
1123 2969 1229 3035 ascia
1252 2967 1392 3053 polito:

319 3077 383 3142 nisi
415 3099 460 3142 ne
493 3077 618 3142 deci-a
647 3082 781 3164 rogum
813 3075 937 3163 polito
969 3076 1081 3142 males.
1132 3075 1334 3160 Quamquam
1367 3074 1464 3140 etiam

319 3187 453 3270 rogum
475 3207 561 3250 ne·
580 3185 687 3250 siscia
710 3183 838 3269 polito
861 3185 961 3250 habet
975 3185 1029 3270 qui
1044 3169 1244 3250 defendatur.
1274 3181 1361 3248 Nam
1376 3181 1464 3248 omni

320 3291 526 3379 supersedere
551 3290 805 3375 transpositione
827 3291 876 3356 ite
894 3295 1023 3358 tantum
1043 3291 1173 3376 poteris,
1195 3294 1232 3355 ut
1250 3294 1375 3356 resecto
1393 3310 1464 3373 pro-

319 3399 469 3484 nomine,
482 3399 568 3484 quod
590 3403 701 3464 tamen
724 3399 787 3484 ipsi
811 3397 959 3466 Ciceroni
982 3399 1125 3464 tribuere
1148 3397 1203 3464 vix
1225 3397 1338 3480 ausim,
1368 3395 1463 3480 scrip·

319 3509 389 3571 turn
425 3505 526 3572 fuisse
563 3505 598 3571 in
630 3503 695 3571 XII
729 3503 820 3572 Plus
853 3507 899 3572 ne
931 3506 1066 3572 facito:
1098 3523 1233 3590 rogum
1266 3503 1390 3568 deci-d
1420 3503 1463 3567 ne‘

319 3609 446 3696 polr‘to
474 3611 648 3678 existimes.

409 3717 499 3784 Haec
522 3723 630 3785 autem
650 3741 730 3804 quas
748 3719 890 3786 breviter
909 3719 1087 3804 significavi
1110 3719 1336 3785 meditationes
1355 3715 1463 3784 nescio

320 3846 509 3912 quousque
536 3825 569 3890 in
599 3825 726 3891 scriniis
754 3827 875 3892 uostris
903 3827 1092 3892 latitaturae
1120 3825 1254 3910 fuerint,
1282 3825 1346 3890 nisi
1369 3822 1463 3888 huius

319 3931 423 4016 ipsius
446 3931 522 3996 anni
545 3931 682 3998 decursu
704 3931 824 4016 triplex
847 3932 1035 4016 admonitio,
1061 3935 1099 3996 ut
1125 3931 1256 3996 illarum
1283 3929 1463 3996 recordatio

319 4037 608 4122 redintegraretur,
639 4039 807 4104 effecisset.
862 4037 948 4104 Nam
980 4059 1109 4104 carmon
1142 4037 1180 4102 dc
1210 4037 1355 4104 moribus
1383 4036 1464 4102 illud

320 4142 454 4210 Catonis
485 4145 627 4229 primum
646 4145 788 4230 'quidem
817 4145 854 4210 Ε.
882 4145 1124 4212 Kaercharus
1157 4144 1284 4210 exstitIt
1315 4144 1371 4228 qui
1399 4165 1464 4210 nou

320 4253 437 4338 soluta,
460 4251 517 4318 sed
539 4253 649 4318 vincta
671 4253 817 4318 oratione
841 4253 998 4338 scriptum
1020 4273 1091 4318 esse
1113 4251 1339 4336 pronuntiaret
1356 4249 1463 4316 Philo·

319 4359 388 4446 logi
412 4361 473 4426 vol.
487 4359 568 4426 VIII
591 4383 621 4445 p.
641 4361 703 4426 727
725 4383 807 4446 sqq,
834 4363 920 4426 recte
944 4351 1000 4426 ille
1022 4381 1145 4426 carran
1167 4379 1261 4444 posse
1284 4355 1463 4426 multitudi-

319 4487 394 4532 nem
417 4466 650 4534 sentenliarnm
674 4467 735 4532 dici
759 4487 889 4554 negans,
912 4464 1095 4533 trochaicae
1119 4467 1227 4532 autem
1248 4467 1464 4549 tetrametros,
