3246 5082
292 370 357 433 274
613 387 661 432 ns
684 385 881 434 nxcrrnmvs
905 383 1115 433 messanum

250 539 274 576 ¹1
290 528 380 594 brevi
407 527 512 592 vocali
539 549 609 592 esse
637 529 736 592 etiam
764 533 916 594 statura
940 526 1182 618 substantivum
1211 524 1310 608 vulgo
1338 523 1435 606 credi,

289 635 423 700 tametsi
446 634 485 698 ad
510 655 582 698 eam
605 655 788 700 mensuram
812 635 1098 701 demonstrandam
1115 632 1342 698 Plautinorum
1365 630 1434 716 qni-

290 741 350 804 bus
373 739 440 805 fere
464 744 599 806 utuntur
622 763 770 806 versuum
802 743 851 806 vis
875 742 964 806 nulla
988 745 1045 806 est.
1090 738 1160 804 Nec
1183 758 1266 822 nego
1290 737 1435 822 potuisse

290 848 421 932 corripi:
455 849 521 914 scio
545 855 658 914 contra
680 851 819 916 sensisse
842 847 1044 912 Priscianum
1068 845 1088 908 l.
1111 844 1168 929 IV,
1191 845 1247 909 ubi
1270 865 1434 910 enumera-

291 955 335 1019 tis
358 955 529 1021 brevitatis
553 957 707 1040 exemplis
727 957 773 1020 sic
792 954 912 1039 pergit:
937 951 1107 1035 ‘excipitur
1132 955 1280 1016 stamen
1303 956 1336 1016 et
1360 955 1436 1015 sta·

290 1067 392 1148 tura,
429 1063 513 1147 quod
544 1068 612 1128 tam
644 1086 761 1129 nomen
798 1083 895 1146 quam
933 1059 1140 1144 participium
1174 1057 1251 1141 est’,
1287 1057 1435 1142 exemplo

290 1174 398 1234 tamen
432 1170 532 1235 solius
560 1171 725 1256 participii
758 1169 913 1234 subiecto.
963 1167 1100 1243 Quicum
1137 1166 1344 1232 coniunctum
1376 1169 1436 1248 est,

291 1278 375 1360 quod
399 1278 419 1341 l.
437 1277 484 1340 IX
509 1279 616 1342 ‘steti
639 1275 727 1342 vero'
751 1277 858 1360 inquit
881 1275 1038 1340 ‘statum
1062 1274 1215 1358 supinum
1236 1272 1436 1358 paenultima

290 1383 448 1465 producta
472 1383 567 1448 debet
590 1381 719 1448 lacera':
749 1383 835 1467 qnod
863 1383 892 1446 si
915 1403 989 1446 vere
1013 1379 1109 1462 dixit,
1140 1379 1225 1444 idem
1252 1379 1435 1444 necessario

292 1489 332 1570 ad
356 1493 485 1553 status
513 1490 721 1574 participium
749 1490 910 1573 pertinere
942 1509 1054 1554 omnes
1083 1487 1178 1552 hodie
1206 1486 1436 1571 intellegimus,

292 1595 378 1680 quod
402 1595 531 1679 quidem
552 1597 608 1662 ille
632 1597 826 1662 adiectivum
850 1617 927 1660 sane
950 1596 1183 1678 interpretatus
1211 1597 1271 1660 cst
1313 1593 1436 1658 Verum

292 1706 342 1766 est
360 1705 468 1768 autem
487 1707 667 1789 utrumque,
690 1704 753 1768 nisi
774 1703 863 1767 miris
883 1701 986 1766 modis
1006 1701 1044 1765 de
1059 1700 1174 1768 Lucilii
1193 1700 1278 1784 apud
1292 1699 1436 1766 Nonium

291 1833 322 1894 p.
341 1811 406 1875 226
429 1811 619 1875 testimonio
642 1809 789 1874 fallimur
812 1807 897 1892 quod
925 1813 974 1872 est
1001 1808 1081 1873 tale:
1114 1807 1279 1872 ‘statura
1306 1809 1436 1892 generis

291 1916 447 1980 feminini.
494 1915 637 1980 Lucilius
661 1917 715 1980 lib.
735 1914 893 1980 XXVIII:
917 1937 1016 1999 quare
1038 1937 1096 1999 pro
1120 1915 1203 1980 facie
1227 1937 1285 1999 pro
1310 1919 1438 1979 statura

291 2021 409 2086 Accius
434 2021 560 2086 status?
605 2021 838 2086 Hexametrum
863 2021 948 2086 enirn
971 2043 1099 2086 versum
1123 2019 1225 2086 habes

448 2128 553 2205 Quare
577 2151 635 2213 pro
659 2129 754 2212 facie,
777 2149 835 2212 pro
860 2131 986 2193 statura
1009 2127 1117 2194 Acciu'
1142 2131 1280 2210 status,
1348 2193 1357 2206 ,

293 2257 355 2319 quo
380 2235 420 2300 ad
444 2235 620 2301 Accianum
649 2235 798 2301 vocabuli
822 2257 928 2320 usum,
960 2240 997 2300 ut
1025 2234 1065 2300 ad
1089 2234 1155 2300 alia
1177 2234 1320 2300 Acciana
1347 2233 1438 2318 alibi,

292 2343 433 2426 respexit
456 2341 612 2408 Lucilius:
646 2348 682 2409 ut
706 2343 744 2408 de
764 2343 949 2408 discrimina
977 2347 1103 2408 status
1132 2348 1165 2407 et
1193 2345 1346 2408 statura
1372 2341 1437 2407 for·
1513 2339 1517 2348 ’

292 2471 416 2514 marum
441 2451 600 2536 quaesivit
624 2451 722 2516 etiam
746 2449 894 2517 Donatus
918 2451 952 2516 in
970 2448 1120 2514 Eunuchi
1143 2448 1201 2534 III,
1220 2449 1250 2532 5,
1268 2449 1321 2514 50.
1368 2446 1437 2512 Nec

292 2556 386 2622 aliter
409 2557 557 2642 suspicor
580 2557 615 2624 Ο.
639 2557 818 2624 Ribbeckio
849 2581 920 2624 meo
945 2558 1050 2622 visum
1074 2577 1143 2622 esse
1166 2557 1201 2621 iu
1224 2545 1437 2642 Tragicorum

291 2663 348 2729 lat.
370 2665 461 2750 reliq.
484 2689 514 2750 p.
536 2666 607 2730 194.

380 2770 474 2838 Nunc
493 2777 611 2856 autem,
629 2777 802 2857 postquam
821 2773 859 2836 de
878 2772 1000 2856 duplici
1018 2771 1171 2855 prosodia
1190 2771 1284 2836 unius
1308 2773 1437 2835 status

291 2878 416 2944 formae
440 2875 523 2964 (sive
547 2899 585 2941 ea
608 2899 666 2963 pro
690 2878 864 2962 participio
888 2882 939 2942 est
961 2879 1028 2942 sive
1055 2899 1113 2962 pro
1137 2877 1344 2944 substantivo
1367 2898 1438 2961 par·

291 2983 442 3070 ticipiali)
470 2984 641 3067 explorata
667 3007 719 3048 res
748 2990 798 3049 est
825 2984 1028 3068 indidemque
1056 2985 1155 3048 etiam
1185 2983 1338 3050 Statios
1367 3005 1436 3050 esse

291 3091 410 3174 dictos,
433 3111 499 3155 non
522 3089 673 3156 Statios
697 3091 922 3174 perspicimus,
950 3091 1032 3156 nihil
1062 3091 1207 3176 profecto
1232 3113 1365 3156 caussae
1387 3112 1435 3154 re·

291 3197 404 3261 lictum
428 3201 478 3260 est
501 3219 557 3262 cur
580 3197 676 3262 fidem
699 3198 745 3262 eis
768 3198 989 3283 grammaticis
1008 3199 1202 3282 abrogemus
1222 3198 1277 3282 qui
1302 3201 1335 3262 et
1358 3202 1436 3262 sta·

291 3303 360 3368 tim
392 3307 425 3367 et
455 3304 591 3368 statim
623 3325 694 3368 esse
723 3304 969 3388 pronuntiatum
1002 3303 1212 3368 tradiderunt.
1262 3301 1354 3377 Quod
1386 3303 1437 3368 illi

291 3409 407 3474 volunt
433 3409 492 3475 tali
522 3409 726 3495 significandi
754 3411 938 3476 discrimine
966 3410 1089 3474 lactum
1121 3431 1191 3474 esse
1224 3410 1309 3494 quod
1340 3409 1435 3476 nobis

291 3517 389 3581 liceat
412 3516 604 3583 ‘standhaft'
628 3517 680 3582 vel
704 3539 762 3600 pro
786 3541 821 3582 ra
844 3522 922 3582 nata
945 3514 1104 3582 ‘stehend'
1130 3520 1226 3600 atque
1250 3515 1435 3582 ‘stehenden

291 3621 422 3688 Fusses'
445 3624 577 3690 vocibus
601 3624 739 3708 quadam
767 3627 861 3690 tenus
889 3624 1021 3688 imitari.
1067 3623 1112 3689 Et
1140 3624 1280 3706 primum
1308 3621 1435 3707 quidem

292 3727 460 3796 Charisius
488 3730 520 3795 Il
549 3755 579 3816 p.
602 3731 680 3796 195:
709 3729 867 3796 ‘statim
916 3731 1034 3796 Accius
1061 3730 1096 3795 in
1123 3727 1350 3796 Didascalicon
1376 3729 1436 3794 IX:

291 3837 467 3924 uectigalia
489 3837 636 3922 legerant
659 3841 767 3903 uestra
790 3843 823 3902 et
846 3842 1016 3903 seruantur
1034 3837 1157 3902 statim:
1181 3859 1240 3920 pro
1263 3841 1385 3902 statute
1403 3839 1437 3902 at

292 3941 461 4010 ordinate?
507 3944 555 4008 De
584 3967 646 4029 quo
675 3951 799 4010 certum
827 3949 877 4010 est
905 3945 1088 4028 opinionem
1116 3943 1271 4010 fefellisse
1296 3944 1332 4010 G.
1355 3943 1435 4009 Her·

292 4072 445 4116 mannum
470 4050 545 4116 diss.
570 4051 607 4116 de
623 4052 707 4116 Attii
727 4049 856 4116 Didasc.
875 4053 938 4136 pl
965 4053 1010 4117 sic
1033 4050 1219 4116 dubitanter
1242 4053 1435 4117 scribentem

292 4159 602 4243 dispescentemque:
626 4155 813 4242 ‘uectigalia
830 4158 841 4242 ΙΙ
858 4157 1021 4243 Le'gerant
1044 4161 1152 4222 uestra
1171 4159 1205 4222 et
1223 4158 1437 4223 seruabantdr

253 4291 278 4330 u
293 4265 405 4330 statim
429 4264 513 4331 ....'
538 4266 592 4350 qui
615 4285 675 4329 nec
698 4265 804 4330 bonus
827 4287 938 4332 versus
962 4269 1012 4329 est
1031 4287 1091 4330 nec
1111 4285 1181 4330 esse
1195 4263 1356 4330 Accianus
1379 4285 1437 4350 po·

291 4375 369 4456 test,
399 4373 427 4437 si
455 4373 550 4439 modo
578 4373 753 4457 productae
780 4373 815 4438 iu
844 4373 978 4438 statim
1008 4373 1154 4456 syllabae
1178 4372 1359 4456 exemplum
1383 4392 1437 4437 ro·

292 4479 390 4544 luisse
413 4477 597 4546 Charisium
624 4479 768 4564 proferre
795 4480 876 4544 satis
904 4478 1102 4563 reliquorum
1129 4478 1271 4544 conlatio
1301 4477 1434 4542 testium
