3116 5066
131 373 134 381 “
205 390 338 440 vocrnns
363 393 573 440 cnnlss'rsa
598 393 642 440 nr
668 393 698 440 a.
723 392 844 440 ‚socrus
868 393 1129 440 orcsnnsmcvs.
1178 377 1238 442 157

138 527 254 618 institnit,
272 558 345 622 ,non
374 539 424 600 est
452 535 605 602 continuo
635 535 811 604 credendus
839 537 931 602 nullo
959 535 1152 617 instituisse,
1185 537 1240 600 sed

134 637 177 701 tali
201 641 290 724 potins
319 643 423 726 quod,
454 665 527 708 cum
563 642 728 728 aliquanto
768 644 867 708 etiam
896 643 1051 708 remotius
1080 643 1122 707 ab
1151 643 1240 706 urbis

131 748 321 812 comnotudine
340 770 439 833 quam
458 749 619 814 maiorum
640 772 715 814 usus
735 759 828 833 esset,
848 750 1005 814 minorem
1025 749 1123 814 etiam
1142 769 1240 832 quam

129 847 168 913 ilie
188 853 215 918 in
244 856 428 942 aequalium
456 855 582 921 animos
615 855 681 920 vim
709 855 853 920 haberet.
902 855 980 921 Fuit
1011 859 1119 920 autem
1149 855 1240 938 illud,

125 957 172 1020 nisi
191 981 252 1026 mea
272 983 323 1028 me
342 963 530 1029 coniectura
552 961 647 1046 fallit,
670 961 827 1028 Oscorum
851 965 1049 1048 exemplum:
1077 983 1140 1046 quo
1160 961 1239 1026 duce

122 1066 343 1147 geminationem
364 1069 484 1136 Accius
508 1071 633 1154 ascivit,
651 1071 706 1135 ubi
730 1071 771 1136 ab
791 1071 857 1136 illis
875 1070 1035 1157 geminari
1054 1070 1135 1134 satis
1153 1068 1240 1132 inter

75 1257 78 1264 Ι
120 1193 209 1240 onnes
225 1181 401 1242 constaret:
430 1200 495 1244 non
521 1182 571 1244 est
594 1200 691 1244 ausus
715 1177 884 1262 asciscere,
912 1176 969 1242 ubi
991 1175 1132 1241 novandi
1156 1174 1239 1260 peri-

119 1278 174 1344 cnlo
198 1303 235 1346 ne
267 1282 308 1348 ab
341 1283 473 1348 illorum
506 1283 635 1368 quidem
663 1284 858 1349 auctoritate
886 1283 1058 1367 quicquam
1085 1281 1238 1366 praesidii

118 1391 240 1466 paratum
271 1411 341 1454 esse
372 1390 545 1456 videretur.
591 1389 665 1456 Non
695 1394 870 1474 potuerant
898 1393 1006 1454 autem
1034 1388 1110 1454 Osci
1138 1387 1238 1474 gemi-

116 1511 175 1558 ocre
192 1517 250 1580 qna
272 1497 383 1562 littera
406 1497 578 1562 carebant:
602 1500 716 1563 contra
734 1501 767 1562 et
785 1497 815 1562 A
839 1501 872 1591 et
894 1495 922 1560 E
947 1500 980 1560 et
998 1494 1028 1560 V
1046 1495 1237 1580 geminasse,

115 1597 175 1664 item
195 1603 359 1668 erclnsaI
389 1605 507 1688 vocali,
535 1602 754 1669 Mommsenus
782 1603 877 1668 docet
904 1602 942 1666 de
974 1601 1122 1667 dialectis
1152 1602 1236 1667 libro

114 1725 138 1785 p.
155 1708 218 1774 211.

185 1812 269 1890 Quae
291 1817 320 1882 si
338 1817 386 1882 ita
410 1821 494 1902 sunt,
518 1817 689 1902 quidesse
712 1837 845 1882 caussae
869 1815 1055 1900 putabimus
1075 1836 1141 1898 cur,
1164 1837 1237 1880 cum

112 1915 139 1979 in
158 1920 277 2005 reliquis
301 1923 436 1989 Accium
461 1924 624 1990 videamus
647 1927 800 1990 nontam
820 1923 1009 2008 opposuisse
1028 1922 1160 1987 inventa
1179 1944 1237 1986 sua

112 2024 245 2105 pristinae
268 2031 492 2096 consuetudini
518 2053 616 2116 quam
640 2031 681 2096 ad
705 2053 776 2096 eam
800 2030 908 2096 dedita
932 2051 1031 2114 opera
1059 2051 1234 2094 accommo-

111 2128 187 2198 dasse
206 2137 324 2220 potius,
347 2141 458 2202 tamen
481 2159 548 2203 non
572 2137 750 2222 susceperit
772 2159 862 2202 more
887 2137 1047 2202 maiorum
1066 2137 1236 2219 probatam

113 2233 160 2300 OV
188 2242 434 2330 diphthongum,
466 2267 529 2330 qua
555 2245 735 2329 antiquitus
762 2245 871 2310 notari
893 2245 1025 2328 longam
1048 2263 1071 2308 a
1092 2243 1236 2308 vocalem

112 2351 265 2414 communis
289 2351 401 2436 opinio
426 2351 497 2417 est?
534 2351 584 2417 Ea
607 2357 716 2416 autem
739 2352 810 2436 ipsa
836 2351 947 2436 opinio
972 2353 1136 2416 auctorem
1160 2372 1236 2416 sane

111 2447 227 2520 llarium
249 2457 452 2523 Victorinum
476 2457 589 2542 habet,
618 2458 666 2524 sic
687 2461 864 2523 testantem
893 2480 924 2541 p.
947 2457 1034 2521 2459
1058 2457 1092 2521 P.
1120 2457 1160 2520 12
1186 2456 1237 2524 Gr

111 2561 175 2636 quod
193 2566 274 2644 opud
293 2565 364 2630 illos
383 2564 537 2650 (Graecos
556 2564 649 2650 dicit)
667 2565 810 2630 ironeam
829 2587 847 2627 υ
872 2564 989 2628 litterae
1007 2582 1026 2624 ο
1047 2563 1126 2643 facit
1141 2565 1235 2646 sptiu-

111 2661 175 2750 bam,
193 2673 287 2736 umas
308 2674 412 2755 mium,
434 2673 572 2754 quotiens
592 2672 726 2736 maedan
743 2672 813 2736 scat
831 2670 922 2752 torpa
939 2667 1061 2751 syllaba
1077 2669 1236 2735 scabendo

111 2779 289 2860 metalepsi
306 2779 515 2861 Missnpebant
533 2799 552 2842 0
572 2779 705 2842 litterum
719 2775 852 2864 (litterae
869 2797 1040 2860 perperam
1055 2776 1235 2862 vulgatum:

111 2875 167 2942 iude
181 2884 323 2966 sciptum
342 2885 441 2967 lapitas
459 2885 653 2950 Loucettos
675 2886 851 2950 acantios
875 2889 904 2949 et
921 2885 1064 2950 louinco
1085 2890 1115 2950 et
1131 2890 1234 2950 cetero.
1265 2923 1288 2932 -,

112 2979 162 3048 Sed
177 2988 281 3054 eadem
300 2995 410 3056 tamen
429 2991 595 3076 graviores
614 2992 713 3056 etiam
731 2990 880 3056 Mariana
898 2992 1091 3057 auctoritate
1110 2993 1233 3058 dubita·
1249 3005 1275 3045 ³⁴

111 3089 196 3158 tiones
217 3095 323 3164 habet
369 3097 418 3164 Ac
441 3099 582 3182 primum
601 3099 744 3164 animum
772 3098 913 3164 advertit
936 3118 1055 3182 magna
1078 3121 1143 3164 non
1166 3104 1234 3164 tam

112 3195 195 3278 ipsius
219 3204 337 3270 raritas
367 3204 561 3290 scripturae,
594 3227 692 3290 quam
720 3205 953 3270 vocabulorum
984 3206 1130 3288 paucitas
1163 3229 1233 3271 eam

112 3322 266 3384 passorum.
314 3311 415 3376 Velut
437 3333 493 3377 cur
516 3334 581 3378 non
604 3311 843 3377 VIRTOVTEI
866 3309 1055 3392 MINOVOI
1076 3309 1232 3376 PEOOV·

110 3405 204 3478 NIAM
245 3411 423 3484 NOVGES
469 3417 665 3484 SOLOVTO
707 3415 964 3484 POVRGATOS
1001 3417 1233 3483 FOVFIDIVS
1312 3419 1321 3432 '

110 3509 384 3590 FORTOVNATA
407 3523 650 3590 MATOVTAE
675 3526 900 3608 scriptumest
922 3524 956 3588 in
980 3525 1100 3590 eisdem
1124 3547 1233 3591 monn-

110 3627 207 3692 uentis
230 3631 296 3696 illis
327 3653 397 3716 cap
420 3631 735 3716 Icommamoratis‚
758 3633 792 3696 in
821 3633 938 3717 quibus
966 3636 1095 3716 praeter
1123 3634 1231 3718 singu-

109 3723 175 3794 laria
194 3733 344 3802 NOVND
371 3737 537 3802 ADIOVT
560 3738 704 3804 FOVLV
725 3683 896 3806 'unovnc
920 3739 1092 3806 undeciens
1117 3739 1232 3804 FOVlt

109 3834 187 3920 redit,
212 3848 325 3926 qnater
348 3843 484 3928 DOVC,
507 3849 558 3910 ter
580 3844 704 3926 Lovc,
727 3849 777 3910 ter
801 3845 949 3932 CLOVL,
973 3851 1087 3931 quater
1110 3845 1232 3930 PLOV,

110 3935 172 4006 item
201 3947 249 4012 bis
280 3949 527 4016 Povssnrt
491 3957 527 4016 ut
558 3953 619 4016 mit
620 3956 687 4017 tani
720 3953 903 4038 strequenta
905 3977 940 4020 as
973 3952 1097 4020 IOVSS
1125 3897 1232 4016 Iovii

110 4039 198 4112 IOVD
220 4056 368 4137 syllabas.
404 4057 498 4122 Vnde
517 4057 696 4142 profecto
687 4081 720 4124 rn
743 4065 895 4144 promptu
920 4064 970 4124 est
987 4060 1142 4140 conicere,
1166 4079 1230 4122 cer-

110 4149 150 4212 tas
178 4162 466 4228 vocabulorumt
435 4163 555 4248 stirpes
588 4165 744 4248 quasdam
777 4167 941 4231 exstitisse
968 4165 1133 4249 propriam
1168 4166 1230 4229 sibi

110 4249 156 4318 0V
176 4259 352 4334 litterarum
376 4270 563 4334 societatem
588 4276 702 4356 suapte
724 4276 840 4338 natura
863 4277 895 4337 et
918 4271 1043 4356 origine
1067 4270 1229 4338 vindican-

109 4362 156 4430 tes.
186 4366 304 4438 Deinde
328 4396 402 4440 cum
425 4377 719 4460 exploratissimum
744 4381 788 4444 sit
812 4379 1024 4464 antiquiorem
1043 4400 1060 4444 o
1083 4379 1229 4444 vocalem

109 4477 226 4541 cessisse
249 4483 420 4547 recentiori
439 4505 474 4568 a,
501 4507 567 4550 uon
586 4489 693 4550 autem
714 4486 877 4551 contraria
900 4485 953 4550 via
976 4485 1120 4572 linguam
1144 4487 1184 4551 ab
1208 4509 1228 4550 a
