3216 5082
303 393 448 442 rarscas
471 391 700 444 nsrmmnrrs
724 394 982 444 serenissima
1006 391 1123 442 svera.
1146 393 1166 440 1.
1244 375 1310 442 495

166 541 220 602 tus
245 540 296 602 est
316 538 372 602 ille
395 539 428 606 in
452 539 526 604 basi
548 560 669 624 magna
691 539 798 625 lapide
822 537 952 604 Albano
975 537 1072 623 facta,
1094 558 1175 622 quae
1194 537 1309 601 subtus

165 645 200 710 in
218 644 349 710 modum
368 643 509 711 fornacis
529 651 684 712 excavata
702 650 768 711 est:
791 646 875 710 unde
894 645 1098 731 intellegitur
1115 643 1179 709 foci
1197 643 1309 708 usibus

162 750 200 816 in
226 752 335 836 aliqua
368 773 426 816 ara
458 773 550 817 sacra
583 774 655 817 eam
686 753 881 818 inserviisse.
932 753 1049 817 Tribus
1082 755 1190 818 antem
1223 750 1310 844 sanis

165 863 293 924 constat
316 859 356 924 ad
379 859 441 924 boc
464 859 648 942 exemplum
671 859 805 924 iunctis:
830 893 834 902 ·

325 981 545 1047 m-xxvr
621 979 873 1049 annectar

667 1087 888 1156 saonen
916 1173 919 1178 .

621 1195 958 1262 inminuere-s

612 1301 957 1368 cleranos-vos
990 1303 1039 1368 rr

254 1499 317 1564 Hic
339 1499 441 1584 igitur
463 1499 578 1564 titulus
602 1521 619 1563 e
643 1500 796 1584 quesere
819 1504 927 1566 aetate
949 1499 1141 1584 repetendus
1170 1499 1227 1583 sit,
1257 1502 1357 1564 sat1v

166 1607 261 1672 certis
289 1605 416 1670 indiciis
444 1606 647 1690 perspicitur.
697 1605 767 1672 Nec
797 1609 884 1672 enim
915 1610 1043 1672 tantum
1070 1628 1156 1672 anno
1185 1606 1312 1670 circiter

166 1714 232 1778 570
263 1712 406 1796 priorem
435 1709 455 1778 la
488 1714 618 1778 litterae
650 1713 756 1798 figura
788 1712 952 1797 antiquior
984 1713 1107 1797 arguit,
1144 1712 1199 1776 sed
1231 1713 1311 1795 ipsis

166 1819 269 1884 initiis
303 1819 423 1883 saeculi
455 1819 539 1884 serti
571 1839 621 1883 om
652 1819 839 1884 terminatio
875 1819 910 1882 in
942 1817 1116 1883 SAOROM
1148 1818 1311 1904 adsignat:

167 1947 264 2008 quam
288 1924 419 2009 quidem
434 1943 458 1988 -ο
481 1924 625 1990 vocalem
649 1925 735 1990 circa
753 1947 874 1990 annum
892 1925 958 1990 520
980 1925 1116 1990 cessisse
1139 1926 1311 1991 recentiori

166 2053 221 2096 am
244 2031 367 2096 formae
391 2031 469 2097 olim
493 2031 641 2116 diximus,
663 2031 759 2098 facile
783 2036 906 2116 autem,
928 2034 965 2096 nt
988 2035 1037 2097 est
1061 2016 1312 2098 consentaneum

167 2139 201 2203 in
224 2139 285 2204 hoc
308 2159 438 2224 genere,
467 2138 625 2224 largimur
648 2139 773 2223 aliquot
799 2143 875 2223 post
898 2138 991 2204 annis
1014 2139 1157 2224 potuisse
1182 2142 1311 2226 quibus·
1364 2138 1367 2144 ’

167 2245 241 2310 dam
269 2245 425 2330 exemplis
459 2246 558 2311 etiam
588 2251 657 2311 tum
686 2246 809 2312 durare.
858 2245 945 2311 Nanr
975 2245 1009 2310 in
1041 2246 1155 2311 mediis
1184 2247 1312 2330 quidem

167 2353 348 2436 vocabulis,
376 2351 469 2435 quale
493 2357 543 2416 est
565 2350 787 2417 HEROOLEI
815 2353 865 2416 vel
888 2350 1088 2436 CONSOLL
1117 2353 1197 2417 satis
1222 2354 1311 2417 illam

168 2463 297 2524 constat
327 2459 426 2542 longe
459 2459 558 2523 etiam
590 2459 710 2523 diutius
741 2458 937 2542 perstitisse:
975 2459 1014 2522 de
1042 2481 1106 2542 quo
1136 2457 1311 2522 identidem

169 2565 388 2649 significatum
412 2559 462 2628 est
485 2564 572 2628 alibi.

258 2669 380 2746 Quodsi
402 2669 441 2733 de
464 2669 536 2754 ipso
559 2693 646 2736 anno
669 2671 748 2736 facti
776 2671 865 2736 tituli
892 2671 1090 2757 quaerimus,
1123 2672 1312 2737 dictatorem

170 2777 299 2862 quidem
321 2776 498 2842 Minucium
527 2779 582 2862 qui
605 2778 753 2843 feruntur
780 2777 858 2843 fasti
882 2779 1067 2844 consulares
1091 2779 1221 2844 omnino
1245 2781 1314 2844 nul-

169 2885 235 2949 lum
267 2887 395 2950 norunt.
440 2885 479 2950 In
506 2886 623 2970 quibus
652 2885 836 2970 proximum
867 2889 994 2950 tantum
1027 2885 1176 2950 dictatori
1206 2886 1313 2951 locum

169 2992 318 3057 obtinens
338 2990 381 3056 M.
394 2990 555 3057 Minucius
574 2991 678 3056 Rufus
702 2993 899 3077 perscriptus
924 2995 974 3057 est
994 2993 1151 3078 magister
1170 2993 1337 3078 equitum·

169 3122 197 3164 a.
216 3099 295 3164 537:
325 3097 431 3164 sedis
456 3121 533 3164 sane
555 3099 613 3164 tali
637 3103 767 3184 practer
790 3099 922 3164 solitum
947 3098 1132 3164 condicione
1155 3123 1246 3186 usus,
1277 3105 1314 3166 ut

169 3229 234 3271 non
258 3206 411 3272 miremur
431 3205 463 3294 si
487 3205 558 3290 quis
581 3205 668 3270 bunc
690 3206 795 3290 ipsum
825 3207 971 3290 potuisse
994 3206 1185 3272 dictatorcm
1210 3207 1272 3273 dici
1296 3231 1313 3272 e

169 3335 277 3378 rerum
306 3315 472 3396 gestarum
502 3314 659 3377 memoria
686 3315 810 3397 arguat.
859 3311 922 3376 Est
949 3312 1034 3376 enim
1062 3313 1090 3377 is
1118 3313 1186 3397 illc,
1219 3335 1315 3398 quem

170 3439 255 3484 anno
279 3419 381 3483 altero
409 3418 487 3483 belli
510 3418 718 3483 Hannibalici
742 3417 779 3492 Q.
797 3415 919 3482 Fabius
942 3417 979 3492 Q.
997 3418 1019 3484 f.
1038 3418 1075 3494 Q.
1094 3439 1125 3482 n.
1152 3417 1314 3484 Maximus

169 3523 371 3589 Verrucosus
390 3523 538 3609 dictator,
561 3525 628 3589 sive
647 3524 765 3588 rectius
784 3523 1037 3606 prodictatorem
1052 3523 1148 3608 dices,
1170 3527 1313 3591 muneris

169 3651 236 3695 non
259 3629 485 3697 administrum
508 3632 604 3697 modo
628 3634 660 3696 et
683 3631 814 3715 socium,
838 3629 895 3695 sed
918 3630 1086 3715 conlegam
1105 3630 1220 3696 habuit
1238 3637 1315 3716 post

170 3757 314 3823 pugnam
337 3737 572 3806 Trasimenum:
603 3739 721 3824 quippe
744 3738 795 3803 cui
826 3736 983 3822 singulari
1010 3759 1142 3822 prorsus
1167 3739 1313 3822 exemplo

170 3844 344 3929 imperium
372 3867 441 3910 esse
469 3867 542 3912 cum
571 3845 729 3912 dictatore
757 3847 932 3930 aequatum
961 3844 1100 3910 sciamus
1129 3845 1314 3910 auctoribus

170 3953 309 4038 Polybio
332 3951 396 4038 ΙΙΙ,
420 3953 492 4039 103,
526 3953 621 4019 Livio
644 3951 752 4037 XXII,
774 3951 826 4017 25.
849 3952 902 4017 26.
925 3953 977 4036 27,
1013 3951 1144 4016 Valerio
1171 3949 1313 4016 Maximo

170 4059 234 4146 ΠΙ,
253 4061 283 4144 8,
301 4061 323 4125 2
346 4063 379 4124 et
402 4058 442 4144 V,
461 4061 491 4144 2,
505 4061 536 4140 4,
565 4059 740 4126 Plutarcho
764 4057 820 4124 vit.
839 4057 933 4124 Fabii
957 4081 984 4123 c.
1002 4059 1032 4144 9,
1055 4057 1207 4142 Appiano
1226 4056 1315 4122 Han-

171 4168 237 4232 nib.
260 4189 287 4232 c.
307 4168 362 4252 12,
395 4163 508 4232 Cassio
536 4165 642 4233 Dione
669 4165 747 4231 Exc.
771 4165 824 4250 57,
842 4165 886 4229 20
916 4188 946 4250 p.
971 4165 1013 4230 62
1038 4164 1152 4247 Baka,
1189 4162 1316 4230 Zonara

127 4327 131 4337 .
171 4271 263 4358 VIII,
277 4274 320 4338 26
345 4297 373 4358 p.
391 4273 463 4358 193,
485 4274 525 4338 12
549 4273 662 4356 Bona,
684 4272 765 4337 item
783 4271 930 4336 ‘Aurelio
945 4269 1088 4338 Victore’
1112 4270 1151 4334 de
1171 4269 1248 4336 viris
1267 4271 1314 4337 ill.

173 4401 199 4444 c.
217 4380 274 4444 43:
297 4381 414 4464 quibus
438 4379 580 4466 elogium
607 4379 690 4444 illud
713 4377 807 4442 Fabii
829 4375 964 4442 Maximi
987 4377 1111 4442 accedit
1134 4381 1209 4461 post
1232 4378 1315 4444 alios

173 4485 216 4552 ab
236 4483 356 4554 Orellio
380 4487 503 4554 editum
521 4486 622 4554 Inscr.
640 4511 671 4554 n.
686 4485 748 4554 541
771 4483 819 4570 [Ο.
834 4485 859 4551 Ι.
873 4484 909 4554 L.
928 4484 944 4550 I
962 4486 1034 4571 eloy.
1052 4483 1162 4550 XXIX
1180 4507 1211 4572 p.
1225 4485 1316 4574 288]‚
