3246 5074
570 397 846 446 svrrnsusnrvn
870 399 901 446 v.
1253 381 1316 448 561

173 539 328 625 pependit
352 563 368 606 e
387 539 507 606 Millini
531 543 678 626 exemplo
698 565 728 626 p.
743 543 807 607 397
826 543 950 627 posito,
974 543 1054 608 eatis
1073 544 1129 608 illo
1149 543 1318 608 emendato

172 648 235 712 nisi
260 648 345 732 quod
369 647 587 731 interpunctio
612 649 719 713 omnis
743 649 845 714 abest.

262 755 301 820 In
323 753 384 820 hoc
414 755 515 839 igitur
542 755 640 821 titulo
663 757 833 821 tractando
864 756 948 842 quod
976 779 1109 840 prorsus
1136 757 1320 842 neglectum

174 862 325 946 mirabar,
347 861 409 926 hoc
433 865 512 944 erat,
536 863 619 946 quod
643 861 699 926 ille
719 884 791 927 cum
811 863 932 928 omisso
952 863 1320 949 Iuliorumcognomine

173 973 243 1033 turn
272 967 469 1054 diphthongi
497 968 635 1034 IVLIEI
664 975 696 1034 et
724 967 848 1035 svnls
879 970 1013 1036 vocibus
1041 993 1102 1036 usu
1129 969 1320 1062 posterioris

174 1076 291 1140 aetatis
323 1075 555 1160 cogitationem
590 1097 719 1141 omnem
753 1076 920 1142 excludere
953 1079 1050 1162 atque
1083 1077 1162 1142 adeo
1199 1077 1320 1140 liberae

174 1182 345 1246 etiamtum
364 1181 574 1266 reipublicae
593 1186 741 1267 tempora
760 1183 937 1248 certissime
957 1185 1133 1249 contestari
1152 1183 1320 1247 videretur.

176 1290 284 1374 Atque
298 1288 336 1352 de
351 1287 397 1352 EI
408 1288 569 1372 scriptura
584 1289 693 1354 dedita
706 1311 809 1374 nuper
823 1311 922 1374 opera
935 1291 969 1354 in
983 1291 1100 1356 horum
1112 1288 1320 1374 Supplemen·
1401 1285 1405 1296 '

175 1399 283 1460 torum
305 1394 462 1460 fasciculo
486 1394 534 1460 IV
554 1398 598 1480 [p.
615 1395 681 1462 542
695 1399 777 1482 squ]
803 1395 889 1462 hanc
916 1398 1022 1481 ipsam
1049 1397 1255 1481 potissimum
1278 1396 1320 1460 ob

175 1523 324 1566 caussam
348 1502 506 1586 quaesivi,
535 1508 573 1567 ut
595 1503 670 1567 inde
693 1505 883 1587 proficerem
907 1505 948 1568 ad
970 1504 1101 1569 titulum
1126 1502 1320 1568 Glanensem

174 1610 292 1674 rectius
322 1609 546 1674 definiendum.
591 1609 656 1674 Vbi
685 1611 712 1674 si
741 1631 816 1674 rere
840 1611 1004 1695 disputari
1035 1611 1069 1674 in
1092 1610 1210 1673 dativis
1233 1608 1322 1674 abla-

174 1715 313 1800 tivisque
341 1713 392 1800 (ut
416 1713 554 1800 Svnls)
584 1715 824 1801 diphthongum
851 1720 904 1782 vix
932 1717 1019 1782 ultra
1045 1715 1218 1799 imperium
1242 1713 1320 1779 an-

175 1823 257 1887 saris
280 1823 422 1908 Augusti
446 1821 643 1906 perstitisse,
671 1822 704 1885 in
728 1823 937 1888 nominativis
962 1819 1128 1908 (IVLIEl)
1153 1821 1321 1906 aliquanto

175 1929 273 1992 etiam
297 1930 390 2013 prius
413 1928 557 2012 desiisse,
582 1949 781 2012 consequens
806 1931 958 1994 astuta
981 1950 1057 1994 vcro
1082 1927 1198 1992 mirum
1223 1950 1322 2012 qnan-

173 2037 243 2097 turn
262 2033 551 2120 Francogallorum
575 2033 694 2099 iudicia
717 2035 948 2100 aberraverint.
980 2035 1032 2100 lta
1050 2034 1151 2120 igitur
1170 2034 1323 2099 sentienti

176 2139 257 2204 nihil
281 2141 468 2226 contingere
493 2141 676 2226 exoptatius
700 2141 808 2226 potuit
826 2163 923 2226 quam
942 2140 1041 2225 quod,
1064 2144 1195 2224 praeter
1211 2163 1323 2206 monu·
1370 2157 1371 2160 ’

175 2247 277 2311 menti
300 2247 475 2332 imaginem
500 2249 589 2312 cuius
614 2270 711 2332 supra
741 2249 939 2314 mentionem
966 2247 1028 2313 leci
1053 2247 1324 2334 photographam,

175 2353 274 2418 etiam
297 2353 518 2438 inscriptionis
542 2354 724 2438 exemplum
752 2353 872 2418 eximia
902 2357 936 2418 et
958 2359 1028 2419 arte
1052 2359 1085 2418 et
1108 2377 1185 2418 cura
1208 2355 1328 2419 colon·

175 2460 236 2524 bns
254 2461 377 2544 pictum
395 2459 641 2544 incomparabili
657 2458 918 2524 Sauremensium
933 2459 1135 2544 benignitate
1154 2461 1188 2525 in
1207 2481 1322 2524 manus

176 2589 264 2632 meas
283 2567 438 2651 pervenit.
469 2566 561 2644 Quod
581 2567 676 2630 simul
700 2570 796 2650 atque
816 2565 916 2630 oculis
941 2565 1077 2650 intueor,
1100 2565 1175 2630 ilico
1200 2565 1322 2649 species

176 2674 417 2740 evidentissima
453 2674 522 2748 cius
561 2674 763 2738 litteraturae
802 2672 968 2756 apparuit,
1005 2673 1111 2757 qualis
1143 2672 1206 2736 fuit
1238 2673 1324 2737 circa
1412 2739 1415 2744 ,

176 2785 324 2866 tempora
352 2781 498 2845 exeuntis
528 2781 646 2845 saeculi
676 2779 806 2863 septimi
837 2779 1041 2864 ineuntisquc
1069 2779 1184 2845 octavi.
1230 2777 1322 2855 Quod

176 2887 305 2973 quidem
328 2889 375 2952 ita
398 2910 468 2954 esse
492 2887 602 2971 facile,
631 2885 686 2970 qui
709 2885 824 2950 harum
849 2907 954 2949 rerum
984 2885 1124 2969 aliquem
1149 2907 1243 2950 usum
1266 2885 1323 2949 ba·

176 2994 267 3077 beat,
297 3017 334 3060 ex
358 3016 397 3059 ea
419 2992 567 3081 tabula*)
596 2991 771 3078 perspiciet
800 3013 864 3076 qua
886 2991 1007 3076 figuras
1030 2991 1212 3057 litterarum
1237 2993 1323 3058 omni

176 3099 238 3165 fide
257 3101 488 3185 lithographus
506 3105 619 3166 noster
638 3099 679 3165 ad
698 3121 809 3164 rerum
828 3097 988 3182 expressit
1007 3099 1067 3163 sub
1081 3099 1122 3164 A.
1149 3099 1322 3164 Praeterea

177 3229 240 3291 quo
272 3209 353 3271 nihil
386 3208 570 3272 omitterem
600 3211 713 3290 aptum
750 3206 790 3270 ad
822 3204 1094 3290 persuadendum,
1130 3206 1322 3270 transmisso

177 3313 323 3395 exemplo
356 3311 564 3396 lithographo
596 3335 613 3376 e
643 3311 849 3396 peritissimis
882 3311 915 3375 in
947 3310 1010 3376 hoc
1042 3331 1158 3396 genere
1191 3311 1323 3376 arbitris

177 3415 339 3483 Guilelmo
366 3416 519 3482 llenzeno
553 3422 586 3482 et
618 3417 662 3482 lo.
686 3418 838 3501 Baptista
864 3416 982 3484 Roscio
1014 3418 1052 3482 de
1084 3417 1181 3482 huius
1214 3421 1319 3482 aetate
1329 3434 1376 3474 vn

177 3525 355 3610 scripturae
380 3525 565 3590 sciscitatus
588 3525 678 3589 nulla
701 3523 896 3606 interposita
919 3547 1012 3590 mora
1034 3546 1226 3610 responsum
1254 3525 1324 3608 tuli,

176 3653 242 3697 non
271 3655 368 3717 posse
391 3631 459 3699 ullo
482 3632 578 3698 modo
606 3629 748 3697 dubitari
776 3631 854 3714 quin
881 3630 939 3695 illa
955 3623 1024 3696 'aut
1050 3631 1173 3697 ultimis
1201 3635 1323 3715 tempo·

176 3738 266 3802 ribus
298 3739 421 3804 liberae
453 3739 499 3804 rei
532 3738 681 3823 publicae
711 3741 768 3801 aut
798 3737 937 3802 fortasse
965 3739 1080 3822 primis
1108 3737 1237 3822 imperii
1266 3739 1323 3802 tri-

74 3845 79 3855 '
178 3845 308 3909 buenda
331 3849 426 3909 esset

266 3949 367 4015 Vides
387 3973 484 4035 quam
507 3955 595 4016 recte
614 3953 677 4016 vim
700 3955 733 4015 et
752 3925 851 4016 unffi
865 3951 1089 4036 epigraphices
1108 3952 1322 4035 praedicarim

179 4059 220 4124 ad
249 4056 476 4124 illustrandam
516 4057 788 4122 emendandamve
825 4056 997 4121 historiam
1036 4057 1116 4121 artis
1153 4059 1323 4124 valentem.

179 4165 304 4251 Quippe
327 4187 412 4230 nunc
434 4163 563 4227 demum
587 4166 709 4226 certum
733 4183 791 4225 nec
815 4162 882 4226 ullo
902 4165 997 4245 pacto
1017 4162 1116 4226 fallax
1134 4163 1323 4229 fundamen·

356 4325 391 4332 0-

267 4412 292 4482 *)
311 4411 381 4466 Eum
406 4410 532 4468 tabulam
556 4407 604 4479 qui
629 4405 791 4478 expetierit,
820 4405 914 4461 venire
942 4406 1014 4460 sciat
1040 4406 1115 4475 apud
1143 4409 1175 4462 Α.
1199 4407 1323 4463 Marcum

178 4497 324 4552 librarium
332 4499 525 4564 ,Bonnensem

233 4609 273 4642 ru.
289 4607 437 4643 nrrscnemr
456 4609 588 4644 crvscvar
609 4609 644 4644 iv.
1075 4591 1109 4637 36
