3166 5084
499 385 671 434 roneouu
693 384 836 434 sussum
860 385 1010 434 POETAE.
1094 357 1099 368 ’
1286 367 1327 432 27

178 527 345 610 superiore
366 549 462 593 versu
480 549 550 593 esse
571 529 679 612 potuit
702 533 758 594 aul
776 529 809 594 in
828 529 1016 614 posteriore.
1049 529 1121 596 Hoo
1140 531 1167 594 si
1186 553 1330 616 sequare,

176 654 361 717 proponere
403 635 455 699 vel
491 635 553 701 hoo
591 637 771 720 exemplum
807 637 899 703 licei:
939 653 1078 704 svnrsr·
1095 660 1199 711 orra-
1215 659 1329 704 rasso·

177 757 259 806 unu
279 776 286 788 ·
307 759 374 808 svo
411 759 459 806 nu
479 777 486 790 ·
505 759 602 807 nonu
622 777 628 790 ·
648 759 783 808 ovuorn
801 779 807 792 ·
823 765 942 810 nram·
958 767 1136 824 inermus,
1174 745 1225 811 vel
1254 745 1329 812 hoc:

177 865 917 916 svn·me·s·nA·rAsso·nffl1·svo·nn
944 870 1041 918 noan
1061 888 1068 901 ·
1088 869 1227 918 ovacra
1247 890 1253 902 ·
1273 877 1328 918 nn·

177 977 257 1020 urr-
272 958 454 1021 soliman.
503 954 577 1021 Non
609 959 720 1040 poiesl
752 956 968 1024 demonstrari
1002 959 1038 1022 in
1074 958 1127 1024 his
1158 959 1242 1026 falso
1275 961 1329 1025 ad-

179 1064 318 1128 missum
337 1085 408 1129 esse
428 1066 655 1146 anapaestum:
679 1063 735 1128 sed
760 1065 875 1130 sentiri
894 1068 1003 1148 potest
1022 1069 1143 1150 quanio
1166 1067 1241 1151 plus
1260 1067 1329 1132 sine

180 1173 359 1255 anapaesto
383 1171 507 1257 gratiae
528 1169 654 1234 numeri
682 1169 825 1235 habituri
854 1171 929 1236 sint.
975 1173 1046 1250 Quo
1069 1173 1108 1238 fit
1130 1178 1166 1237 nl
1189 1174 1230 1238 ad
1254 1175 1329 1238 alle-

179 1299 251 1340 ram
278 1278 390 1361 potius
417 1279 578 1342 rationem
606 1299 778 1342 avocemur
808 1280 1029 1365 superiorique
1061 1281 1168 1346 versui
1196 1282 1328 1347 verbum

180 1385 431 1468 grammaticum
471 1385 518 1448 sio
552 1405 627 1448 rere
664 1388 826 1469 aptemus:
872 1407 958 1457 orsis
975 1421 980 1434 ·
999 1407 1124 1452 nsorr·
1144 1405 1210 1454 svo
1230 1423 1236 1437 ·
1256 1407 1328 1452 nn·

179 1509 279 1556 nonu
296 1526 301 1538 ·
318 1507 798 1558 cvnc'rn·1m·rrncarrrrrn.
844 1491 994 1558 Diximus
1022 1495 1133 1578 paullo
1161 1499 1237 1560 anie
1266 1517 1328 1579 quo

179 1597 278 1663 modo
297 1597 383 1662 lueri
401 1597 467 1660 iam
491 1598 687 1682 particulam
710 1599 836 1664 lioerel:
861 1600 915 1664 sed
936 1599 1034 1666 iidem
1057 1601 1239 1688 elegantias
1262 1602 1329 1686 qui·

180 1704 254 1769 dem
278 1703 412 1768 maioris
440 1703 569 1768 laudem
600 1704 686 1769 haud
710 1727 787 1770 sane
810 1707 991 1791 composito
1015 1709 1174 1774 vocabulo
1197 1708 1329 1795 deroga·

180 1834 253 1876 mus
284 1811 424 1896 quinque
453 1811 591 1896 syllabis
618 1812 858 1896 comprehenso.
912 1813 1005 1879 Talia
1031 1815 1094 1880 duo
1122 1816 1329 1900 polissimum

181 1919 217 1984 in
245 1921 401 2002 promptu
429 1921 516 2002 sunt,
553 1936 780 1984 censeamini
809 1923 842 1984 el
867 1938 1096 2002 nnrnrrrrrnn,
1127 1921 1207 1986 illud
1234 1921 1329 1987 unius

181 2025 378 2110 Hieronymi
410 2026 556 2111 exemplo
587 2027 764 2112 cognitum,
801 2027 856 2112 qui
888 2029 1031 2094 nescii-ur
1060 2049 1137 2093 num
1170 2028 1328 2114 antiquio·

181 2155 233 2198 res
265 2133 310 2198 sit
342 2135 486 2218 aeonius,
527 2131 590 2197 hoo
620 2131 740 2198 nullius
774 2133 942 2218 scriptoris
974 2133 1042 2198 ullo
1075 2135 1235 2220 exemplo,
1273 2136 1328 2201 sed

182 2238 266 2304 idem
300 2243 514 2323 cognatarum
546 2237 788 2322 comparatione
821 2239 998 2306 formarum
1031 2242 1265 2308 delenimenlma
1298 2246 1330 2307 ei

183 2347 326 2428 lenimen,
341 2345 538 2410 imimencam
559 2349 627 2410 lam
646 2345 783 2410 firmiter
801 2345 1015 2436 defensum*),
1033 2353 1070 2414 ul
1089 2349 1230 2414 securius
1251 2371 1328 2414 sane
1396 2333 1398 2336 ⁵

182 2453 389 2536 amplectere.
429 2451 498 2517 Neo
520 2452 713 2516 inusitatum
737 2453 930 2519 vocabulum
954 2456 1152 2541 Pomponius
1176 2457 1328 2522 carminis

183 2559 232 2624 sui
251 2560 313 2623 v.l
336 2558 474 2644 defugit,
496 2557 580 2624 unde
604 2559 835 2642 transsanyerer
858 2559 1036 2626 addendum
1061 2561 1182 2628 lexicis.
1210 2563 1329 2640 Quam·

183 2687 278 2750 quam
296 2665 461 2732 noluimus
481 2666 528 2730 iia
545 2665 711 2749 hariolari,
729 2670 766 2731 ut
784 2687 885 2731 novas
903 2666 967 2732 huo
985 2688 1080 2732 voces
1100 2668 1328 2736 ascisceremus

181 2791 412 2840 SVBLNAMINA
446 2773 496 2836 vel
526 2791 791 2838 COMPLACAMINA.
841 2773 911 2838 Iam
940 2774 1041 2861 igilur
1068 2773 1192 2840 duobus
1221 2795 1383 2847 exem-m

182 2882 245 2966 plis
278 2903 379 2965 supra
409 2879 584 2964 propositis
622 2879 727 2944 aliera
764 2879 826 2945 duo
864 2880 945 2946 haee
977 2881 1145 2947 aooedunl:
1187 2900 1328 2950 SVMPSI·

183 3009 266 3061 om
279 3023 285 3036 ·
300 3009 403 3052 aruir
415 3023 421 3036 ·
435 3005 515 3052 unu
530 3021 536 3034 ·
552 3003 617 3054 svo
633 3021 640 3034 ·
655 3005 701 3052 ua
718 3023 724 3035 ·
739 3005 834 3054 nonu
851 3025 856 3037 ·
873 3006 1010 3055 ovacra
1026 3025 1032 3040 ·
1049 3009 1277 3056 consonamus
1297 2996 1330 3058 et

183 3111 1329 3165 §VM-AWVS·BA·DE1>JT·MIH1·SVO·DE·MORE·GVNOTA·DE-

133 3211 138 3223 “
183 3221 362 3268 aurinand.
408 3201 533 3266 Horum
559 3205 668 3266 aulem
696 3202 839 3267 omnium
868 3203 944 3289 quid
974 3205 1106 3271 landem
1138 3229 1248 3272 verum
1276 3208 1330 3292 sil,

182 3311 211 3376 is
242 3311 373 3376 demum
406 3308 510 3396 dicere
543 3309 665 3392 poleril
702 3309 756 3394 qui
794 3310 935 3394 lapidem
970 3312 1073 3378 denuo
1106 3312 1207 3379 oeulis
1238 3335 1328 3378 usur·

182 3416 324 3502 paverit:
362 3417 489 3500 quando
519 3416 553 3480 in
580 3413 787 3481 Mommsenii
819 3417 948 3501 quidem
980 3417 1177 3484 testimoniis
1209 3440 1329 3505 nequa·

183 3547 280 3609 quam
304 3523 385 3588 salis
409 3522 481 3607 opis
509 3525 560 3587 esi
582 3522 621 3586 ad
645 3520 853 3587 difficultates
878 3545 989 3588 omnes
1013 3524 1234 3610 expediendas.
1267 3526 1329 3605 Qui

183 3653 256 3696 eum
274 3630 443 3714 utriusque
463 3649 573 3694 versus
593 3629 741 3693 lacunam
763 3649 878 3694 norem
898 3629 1081 3696 litterarum
1105 3633 1220 3718 spatiis
1245 3632 1287 3719 (si
1306 3655 1329 3700 Λ

181 3737 262 3802 illud
293 3734 469 3823 addideris)
496 3735 717 3820 desoripraril,
751 3737 897 3820 apprime
929 3739 962 3802 in
991 3738 1051 3804 hos
1079 3763 1230 3807 numeros
1262 3763 1329 3806 coa-

272 3967 300 4034 *)
319 3963 361 4020 De
379 3963 442 4020 aliis
461 3981 571 4034 qnoque
590 3963 738 4035 similibus,
767 3968 799 4022 ut
822 3967 905 4022 hodie
928 3984 972 4023 res
994 3971 1049 4037 esl,
1078 3967 1196 4039 singulis
1218 3971 1328 4024 lantum

180 4053 334 4110 latinilaiis
352 4052 487 4124 exemplis
506 4055 622 4109 constat.
661 4053 721 4119 Quo
744 4071 874 4109 aeramen
896 4055 1018 4125 partinel
1036 4056 1240 4126 Lucretianum,
1264 4057 1329 4114 Ovi-

181 4143 269 4210 disna
286 4143 426 4214 fulcimen,
444 4160 620 4212 remoratum,
639 4145 764 4200 serlamea
778 4143 909 4213 Senecae,
928 4161 1059 4200 meamea
1077 4145 1212 4202 Marciani
1232 4147 1329 4218 Capel-

181 4233 235 4300 lae,
254 4233 423 4287 tumulorum
445 4232 560 4288 Anthol.
580 4233 629 4287 lai.
648 4232 696 4300 IV,
715 4239 766 4287 ³22
791 4235 871 4301 (1412
891 4235 1005 4303 Meyer).
1043 4233 1174 4290 Eiusdem
1193 4237 1328 4293 Antholo-

180 4321 247 4392 gine
266 4321 321 4376 rol
336 4321 348 4374 I
365 4339 393 4390 p.
410 4327 461 4376 746
480 4321 571 4376 Burm.
592 4325 654 4391 (230
668 4321 716 4390 Μ.)
740 4322 885 4376 venustius
904 4323 996 4378 dicam
1015 4340 1051 4378 au
1070 4323 1202 4380 lascivius
1216 4343 1328 4382 carmen

182 4411 353 4465 documento
372 4411 416 4465 est
433 4411 593 4466 delectorum
611 4411 701 4466 iorma
716 4411 803 4468 semel
822 4415 872 4467 aul
885 4412 1031 4482 anliqnum
1045 4415 1158 4484 poetam
1172 4433 1260 4486 usum,
1280 4419 1329 4470 aul

183 4499 244 4555 eine
263 4497 373 4568 antiqui
392 4499 564 4556 auctoritaie
583 4501 625 4556 uti
642 4517 699 4555 non
717 4499 837 4557 veritum
857 4519 917 4557 esse
935 4502 1084 4559 Moratum.
