3246 5074
611 357 891 408 svrrnunrsrvn
915 361 946 410 v.
1286 341 1350 408 563

207 501 293 588 quod
317 503 446 587 attinet,
469 525 534 569 non
552 525 647 587 posse
666 525 739 587 cum
758 505 952 588 quibusdam
970 505 1009 569 de
1028 505 1137 588 aliquo
1158 507 1349 589 argumento

206 613 427 698 mythologice
447 610 597 695 cogitari,
620 611 710 675 velut
734 610 774 675 de
793 613 963 676 venatione
979 609 1166 696 Calydonia,
1190 611 1228 675 de
1247 615 1352 675 morte

206 718 364 802 Patrocli,
396 719 435 782 de
467 739 577 803 pugna
604 717 819 803 Amazonum,
852 717 908 782 sed
941 717 1108 784 indubiam
1141 717 1351 782 certaminum

207 825 398 890 militarium
413 826 744 907 repraesentationem
759 845 841 890 esse:
860 829 1020 890 certarum
1034 829 1146 890 temen
1163 824 1215 890 vel
1230 843 1351 907 pugna-

208 953 279 995 rum
307 931 358 995 vel
385 951 612 1015 personarum,
643 932 678 995 in
706 932 855 1016 qualibus
883 931 1165 997 comminiscendis
1194 931 1352 994 adornan-

208 1037 320 1120 disque
352 1038 428 1120 post
459 1035 542 1102 alios
574 1038 696 1102 multus
729 1037 792 1102 fuit
818 1036 992 1104 Malossius
1021 1061 1041 1102 a
1063 1037 1238 1103 Marimaeo
1266 1058 1352 1101 eom-

207 1145 417 1225 memoratus,
449 1143 586 1208 certiora
616 1144 736 1210 indicis
764 1166 835 1209 esse
861 1145 958 1210 nulla
1003 1143 1118 1229 Itaque
1141 1143 1203 1209 etsi
1226 1143 1353 1208 somnia

208 1253 284 1314 sunt
307 1249 424 1334 quibus
448 1247 623 1314 Malossius
647 1249 749 1334 ipsius
774 1247 809 1314 (l.
829 1247 979 1315 Caesaris
1003 1250 1172 1316 dictatoris
1196 1250 1235 1314 de
1258 1250 1352 1314 Ario-

207 1355 294 1420 visto
316 1355 530 1440 triumphurn,
560 1356 684 1420 cladem
707 1355 923 1440 Allobrogum
952 1361 1143 1440 captamque
1166 1355 1269 1420 filiam
1293 1354 1352 1420 Or·

208 1460 374 1545 getoricis,
397 1465 534 1526 mortem
550 1459 762 1545 Camulogeni
782 1462 883 1526 menti
907 1483 983 1526 suae
1006 1462 1195 1526 informavit
1217 1466 1254 1526 ut
1277 1484 1352 1526 anc-

164 1601 167 1605 ·
206 1567 330 1652 glypho
365 1589 460 1652 opere
493 1589 660 1651 expressa,
696 1571 807 1632 tamen
843 1571 971 1633 tantum
1009 1589 1080 1632 esse
1117 1565 1353 1632 concedendum

206 1675 340 1760 videtur,
363 1696 476 1760 reapse
500 1677 649 1758 spectare
666 1673 747 1738 haec
766 1673 952 1761 anaglypha
972 1673 1013 1737 ad
1027 1673 1257 1757 Romanorum,
1277 1672 1353 1737 Gal-

207 1781 321 1866 lorum,
344 1781 480 1847 aliorum
504 1779 642 1846 fortasse
661 1779 875 1846 barbarorum
895 1781 1004 1865 aliqua
1023 1780 1209 1864 certamina,
1232 1780 1266 1844 in
1285 1781 1352 1864 qui·

207 1889 267 1952 bus
290 1891 398 1953 certae
420 1891 530 1972 partes
555 1887 675 1952 fuerint
703 1889 735 1950 et
764 1889 801 1950 ut
823 1885 952 1950 videtur
975 1886 1203 1951 eminentiores
1227 1887 1295 1950 cius
1319 1883 1353 1951 0.

205 1992 314 2078 Iulii,
351 1993 441 2058 cuius
473 1993 670 2058 honorificae
703 1993 877 2058 memoriae
909 1991 998 2057 laute
1028 1993 1272 2076 luculenterque
1301 2014 1354 2056 ex·

207 2103 367 2164 structum
391 2101 635 2164 monumentum
659 2097 775 2164 Sextus
799 2098 916 2163 Lucius
940 2097 1070 2166 Marcus
1098 2099 1158 2164 filii
1188 2121 1352 2164 consecra·

207 2210 291 2272 runt.
331 2203 431 2272 Cuius
456 2203 491 2272 O.
509 2206 583 2271 Inlii
609 2206 781 2271 dolendum
805 2209 855 2270 est
878 2228 953 2271 sane
976 2229 1017 2272 ne
1040 2206 1265 2271 tenuissimam
1284 2205 1353 2290 qui-

207 2315 279 2378 dem
303 2313 492 2379 memoriam
515 2335 622 2377 rerum
646 2313 820 2396 scriptores
844 2335 982 2378 servare.
1014 2311 1136 2390 Quodsi
1156 2313 1228 2397 quis
1246 2312 1354 2396 fuerit,

207 2418 323 2504 quibus
346 2418 526 2484 honoribus
548 2417 687 2502 functus,
706 2441 769 2504 qua
787 2419 908 2483 virtute
926 2418 1063 2504 insignis
1083 2440 1186 2503 quove
1204 2440 1353 2484 successu

207 2525 327 2610 clarus,
359 2547 401 2590 ne
424 2525 523 2590 verbo
547 2525 676 2610 quidem
704 2525 833 2608 inipso
861 2524 959 2589 titulo
988 2524 1205 2609 significatum
1229 2524 1354 2606 mirere,

206 2631 294 2697 haud
319 2633 384 2697 scio
409 2654 451 2697 an
474 2636 525 2697 sat
548 2631 712 2716 probabili
735 2631 921 2697 coniectura
939 2630 1126 2715 responderi
1145 2631 1260 2716 possit.
1294 2632 1353 2696 Ar·

208 2760 262 2803 cus
287 2737 373 2803 enirn
396 2737 601 2824 triumphalis
622 2739 687 2821 ille,
710 2739 800 2824 ouius
820 2738 885 2802 iarn
905 2759 1002 2821 supra
1021 2739 1142 2802 mentio
1160 2737 1258 2821 facta,
1281 2760 1353 2802 cum

207 2845 241 2908 in
262 2848 354 2910 tanta
377 2845 535 2910 mausolei
559 2843 725 2910 vicinitate
744 2844 920 2910 collocatus
945 2845 989 2908 sit
1009 2847 1055 2922 nt,
1079 2843 1156 2929 quin
1173 2848 1261 2910 certo
1280 2865 1353 2910 con-

208 2951 282 3018 silio
305 2953 385 3018 haee
409 2953 473 3018 duo
497 2951 641 3017 aedificia
664 2951 788 3016 sociata
811 2955 878 3016 sint
901 2955 934 3016 et
953 2951 993 3016 ad
1016 2951 1112 3016 unius
1134 2951 1275 3017 hominis
1298 2953 1354 3017 ho-

207 3079 319 3122 norem
343 3058 458 3138 rclata‚
481 3059 534 3124 vix
558 3058 705 3123 videatur
728 3058 871 3124 dubitari
893 3079 1006 3144 posse,
1029 3061 1281 3124 consentaneum
1305 3063 1355 3124 est

207 3164 354 3248 profecto
378 3165 424 3230 sic
448 3187 591 3249 censere,
614 3169 652 3229 ut
674 3165 708 3229 in
733 3165 801 3230 eius
824 3165 928 3248 ipsius
952 3187 1044 3230 arcus
1068 3167 1162 3248 parte
1182 3165 1355 3248 superiore,

208 3292 289 3352 quac
309 3273 449 3334 aetatem
468 3293 534 3335 non
551 3271 636 3354 tulit,
658 3273 837 3355 perscripta
855 3270 977 3336 fuerint
995 3273 1135 3354 nomina,
1158 3271 1255 3349 tituli,
1278 3271 1354 3336 faci·

117 3417 120 3425 -
207 3397 288 3439 nora
321 3374 490 3439 etiamtum
523 3377 588 3440 vivi
617 3374 652 3440 0.
674 3375 763 3458 Iulii,
795 3375 847 3440 cui
875 3380 1003 3441 mortuo
1034 3375 1233 3440 mausoleum
1252 3376 1354 3456 ‚iuxta

208 3481 361 3545 statuerit
393 3480 534 3544 filiorum
567 3481 681 3563 pietas.
727 3481 779 3546 Ita
807 3501 879 3544 eum
912 3481 1030 3566 viginti
1059 3480 1135 3545 anni
1166 3481 1217 3544 vel
1245 3481 1354 3565 plures

207 3585 374 3671 potuerint
396 3584 482 3650 inter
504 3585 670 3670 utriusque
693 3585 893 3651 monumenti
913 3585 1072 3669 originem
1095 3585 1256 3652 interiecti
1275 3609 1355 3672 esse,

208 3693 259 3756 vel
287 3694 334 3758 sic
362 3695 414 3758 sat
441 3671 621 3777 commode,
654 3692 737 3757 unde
766 3691 845 3756 artis
874 3690 908 3755 in
935 3695 1071 3776 utroque
1098 3713 1164 3756 non
1187 3691 1268 3757 levis
1292 3693 1354 3758 dis·
1405 3723 1408 3730 ·

209 3798 375 3882 crepantia
412 3799 571 3884 quaedam
606 3797 781 3882 repetenda
818 3797 875 3880 sit,
914 3797 1122 3881 perspicitur:
1159 3819 1354 3883 quamquam

208 3903 352 3970 Brunnio
381 3905 512 3990 quidem
540 3905 644 3971 iudice
675 3927 713 3970 ea
743 3903 960 3988 discrepantia
992 3927 1057 3970 non
1091 3909 1140 3970 cst
1172 3909 1265 3972 tanta
1296 3927 1355 3970 nec

209 4011 382 4095 eiusmodi,
410 4013 488 4098 quin
515 4035 648 4097 prorsus
676 4011 891 4096 probabiliter
917 4011 957 4075 sd
985 4012 1103 4076 indolis
1134 4011 1353 4077 diversitatem

80 4187 83 4192 ,
208 4117 358 4204 duorum,
385 4142 405 4184 a
428 4119 545 4204 quibus
573 4119 631 4183 illa
661 4140 760 4202 opera
783 4117 942 4202 profecta,
971 4117 1167 4183 Graecorum
1195 4119 1353 4182 artificum
1367 4141 1403 4181 rx

208 4230 389 4291 revoceturr
417 4247 492 4290 nam
517 4223 659 4290 Graecos
683 4225 784 4289 fuisse
812 4245 863 4287 res
891 4223 964 4306 ipsa
986 4224 1137 4307 loquitur.
1161 4261 1203 4270 —
1228 4220 1354 4308 Cogno-

209 4333 295 4396 minc
315 4334 423 4397 autem
442 4331 543 4396 Iuleos
560 4331 635 4395 illos
653 4331 753 4396 fuisse
768 4329 914 4395 Caesares
931 4329 982 4394 vel
1002 4328 1212 4412 praenomina
1230 4329 1356 4394 faciunt

208 4441 246 4500 ut
268 4437 444 4523 credamus,
468 4438 595 4523 quando
618 4441 746 4520 praeter
762 4435 873 4502 Scelus
888 4437 1005 4500 Mrcirrs
1020 4435 1123 4500 Gaius
1145 4435 1356 4520 praenomina

1086 4540 1141 4594 36*
