3282 5076
585 391 844 442 conuaursrro
867 395 982 443 rama.
1298 381 1359 447 199

236 533 1278 611 2--··QVE·NAVALED·PRAEDAD·POPLO·N····
1299 575 1304 588 ·
1325 575 1358 588 ··

280 675 411 690 ·····
427 639 829 709 clauseramus-N
867 679 872 692 ·
911 679 917 692 ·
955 680 961 692 ·
1000 679 1006 692 ·
1043 644 1358 710 nvos-u·--·-·

280 749 909 816 -······-··a1-·-··oneu
950 785 1357 802 ···········

234 875 285 939 e·
310 910 316 922 ·
340 909 347 924 ·
372 873 1144 950 -oovuulvnuaoeanuono-Poeno
1152 911 1357 926 ··········

279 1017 311 1028 -·
336 1017 342 1029 -
367 1017 373 1029 -
398 1017 403 1029 -
428 979 766 1046 clarlcrmausr
791 1017 797 1030 -
821 982 852 1047 N
879 1017 884 1030 ·
914 1017 920 1030 -
948 981 1118 1048 nvos-u
1138 1017 1356 1033 ·········

279 1088 1356 1154 ulolr'r

228 1214 249 1276 4
274 1249 279 1260 ·
305 1249 310 1260 -
335 1211 1148 1290 ·TOQVMAVALED-pltlllDAD-POPLO
1216 1250 1354 1264 ·······

279 1355 407 1367 -----
420 1317 1361 1386 onrculonu·-·1s-··-····---····-w

371 1425 1254 1492 ·····-··-···Nvos-··o---·

410 1531 1027 1600 ····-·n1s······AaTn
1051 1569 1212 1584 ······

230 1659 252 1722 5
276 1655 1141 1735 ----cova-vanuuoralsolu-Popuou
1161 1694 1354 1708 ·······

275 1799 360 1812 ..‚.
386 1799 392 1811 -
417 1799 423 1812 ·
448 1762 687 1829 onaulonu
711 1799 965 1814 ········
989 1765 1163 1832 nvos-o
1192 1801 1353 1814 ------

296 2031 377 2096 (lum
405 2031 586 2116 pulvisculo
614 2035 652 2097 ut
680 2032 773 2098 aiunt
799 2032 934 2098 exhausi
964 2033 1143 2118 scripturae
1171 2035 1353 2118 discrepan-

205 2139 288 2204 tiam
310 2143 440 2223 praeter
462 2139 630 2205 levissime
653 2140 812 2224 quaedam
837 2141 984 2206 consulto
1008 2142 1129 2206 omissa
1151 2163 1293 2225 omnem,
1316 2145 1353 2206 ut

205 2268 302 2331 quam
331 2247 547 2312 certissimum
569 2246 815 2312 fundamentum
843 2247 1054 2333 inpromptu
1083 2253 1183 2333 esset,
1215 2249 1265 2314 cui
1289 2249 1353 2313 arti

204 2357 238 2418 et
261 2354 380 2420 rationi
405 2355 632 2419 convenienter
654 2355 896 2440 redintegrandi
920 2355 1008 2420 tituli
1033 2377 1131 2439 opera
1151 2359 1351 2440 superstrue-

203 2463 301 2525 retur.
347 2460 399 2525 Ad
423 2483 519 2544 quam
549 2481 617 2525 rem
646 2482 719 2525 cum
745 2482 812 2526 non
840 2459 993 2525 mediocri
1023 2461 1095 2526 usui
1124 2461 1168 2525 sit
1195 2461 1350 2527 similium

203 2567 374 2633 titulorum
397 2566 611 2651 comparatio,
643 2567 785 2632 eiusdem
810 2567 937 2651 generis
961 2567 1119 2651 quosdam
1142 2568 1350 2651 praemittam

203 2696 270 2739 non
292 2673 326 2738 in
351 2673 567 2738 monumentis
595 2673 799 2758 superstites,
830 2673 885 2737 sed
909 2673 964 2757 qui
988 2695 1005 2737 e
1028 2673 1062 2737 T.
1086 2672 1171 2738 Livii
1194 2675 1351 2739 memorie

203 2784 255 2847 sat
277 2779 499 2865 probabiliter,
522 2779 587 2844 nisi
610 2779 708 2844 fallor
732 2777 844 2864 animi,
875 2780 1095 2845 reconcinnari
1119 2780 1257 2864 possint.
1302 2781 1350 2846 Ac

202 2888 344 2973 primum
367 2889 406 2953 de
429 2888 525 2954 rebus
544 2888 646 2973 gestis
666 2887 742 2952 anui
762 2885 913 2952 DLXXX
938 2907 1037 2972 agens
1060 2887 1116 2952 ille
1139 2909 1220 2973 quae
1244 2888 1350 2971 prodi-

202 2995 252 3059 dit
274 3017 343 3080 csp.
362 2997 404 3062 28
429 2995 505 3062 libri
528 2995 617 3080 XLI,
643 2995 730 3060 infra
753 2995 869 3080 scripsi
898 2995 1008 3080 qualia
1031 2999 1157 3060 exstare
1181 2995 1214 3059 in
1229 2995 1349 3061 Vindo-

202 3103 338 3168 bonensi
371 3103 480 3168 codice
511 3102 561 3166 vel
595 3103 766 3167 traduntur
797 3102 848 3167 vel
876 3102 1062 3168 creduntur:
1095 3101 1231 3168 ‘Eodem
1265 3126 1348 3169 anno

201 3211 315 3274 tabula
338 3211 371 3275 in
395 3209 507 3274 aedem
530 3209 643 3272 metris
666 3205 812 3273 Matutae
842 3228 915 3272 cum
943 3208 1047 3272 indice
1071 3209 1132 3273 hoc
1155 3210 1264 3293 posits
1287 3213 1348 3274 est:

201 3316 255 3381 Ti.
283 3315 487 3400 Semproni
521 3314 657 3380 Gracci
690 3315 863 3380 consulis
896 3314 1060 3399 imperio
1096 3315 1347 3401 auspicioque

201 3423 304 3507 legio
337 3421 607 3506 exercitusque
639 3421 775 3505 populi
808 3420 969 3486 Romani
1007 3418 1226 3486 Sardiniam
1259 3423 1388 3488 sub-eo
1519 3417 1522 3426 ’

145 3601 151 3610 ,
201 3527 309 3613 egit.
328 3528 367 3594 in
390 3550 433 3594 ea
454 3527 655 3612 prouincia
678 3527 849 3592 hostium
873 3548 986 3592 caesa
1009 3529 1074 3590 aut
1097 3532 1210 3611 capte
1231 3553 1347 3614 supra

200 3634 403 3719 octogiuta
430 3635 537 3700 milia
560 3683 568 3701 .
591 3635 678 3720 Rep.
707 3633 937 3699 felicissirne
966 3637 1078 3719 gesta
1108 3639 1222 3718 atque
1251 3636 1347 3701 libe-

199 3742 299 3807 ratis
325 3741 590 3827 uectigalibus
618 3742 819 3808 restitutis
849 3740 1058 3806 exercitum
1086 3741 1261 3826 saluomq
1290 3747 1345 3808 at-

199 3871 270 3934 quc
302 3850 531 3916 incolumem
563 3849 831 3934 plenissimum
862 3847 1005 3932 praeda
1035 3847 1182 3912 domum
1214 3870 1345 3931 repor-

200 3957 485 4022 teuit.iterum
522 3956 766 4044 triumphans
795 3957 837 4022 in
868 3955 997 4020 urbem
1030 3954 1186 4020 Romam
1218 3955 1345 4022 redit.

199 4063 309 4128 cuius
332 4063 387 4128 rei
412 4083 503 4147 ergo
527 4063 623 4128 hanc
646 4064 821 4129 tabulam
846 4062 930 4128 Ioui
955 4061 1092 4126 donum
1120 4060 1233 4126 dedit.
1271 4059 1343 4126 Sar·

198 4170 305 4236 diuise
333 4170 459 4236 insulae
487 4169 592 4234 torma
618 4173 689 4234 erat
716 4174 812 4254 etque
841 4170 875 4234 in
902 4191 941 4234 ea
963 4168 1135 4232 simulacre
1162 4187 1343 4252 pugnarum

144 4340 149 4353 ,
197 4275 307 4361 picta?
343 4277 381 4341 ln
406 4276 523 4360 quibus
547 4277 654 4342 verbis
679 4277 801 4362 aliquid
824 4275 1025 4342 intercidisse
1050 4278 1124 4339 ante
1147 4275 1344 4357 cerealibus

197 4382 249 4448 vel
272 4387 348 4466 post
370 4403 440 4449 eam
464 4405 575 4450 vocem
595 4405 706 4449 omnes
726 4385 883 4468 viderunt,
906 4383 1041 4449 liberates
1063 4382 1177 4448 sociis
1199 4382 1344 4448 restituit

197 4489 360 4575 Sigonius.
405 4490 457 4556 Ad
490 4491 575 4576 quod
608 4492 790 4574 exemplum
824 4491 968 4576 profecto
1002 4487 1099 4554 etiam
1133 4489 1216 4554 aliae
1249 4509 1342 4554 voces
