3166 5084
288 377 332 443 30
647 394 865 442 urrnsrmva
889 393 1075 444 marmora

287 535 411 619 alioqui
437 535 566 602 consilii
595 536 678 602 addi.
724 537 812 602 Talis
841 538 971 603 Bassuli
999 536 1166 603 versiculis
1195 535 1326 600 subesse
1352 533 1443 598 haec

287 643 370 708 ratio
398 645 521 726 potest:
551 642 687 709 desinite
717 644 808 728 flere,
841 646 960 730 quippe
988 666 1068 728 quos
1096 643 1157 708 hoc
1190 643 1442 707 monumentum

287 749 403 814 doceat
425 749 613 816 consolandi
636 751 745 836 potius
769 773 866 836 quam
885 749 1099 817 contristandi
1118 749 1184 814 vim
1203 749 1320 816 mortis
1343 769 1442 812 meae

287 857 469 940 exemplum
497 856 627 922 habere.
672 855 748 922 Non
775 857 1043 922 dissimulandum
1071 859 1121 920 est
1147 859 1271 938 tamen,
1303 855 1443 920 subesse

288 963 397 1046 potius
436 985 534 1046 quam
572 962 686 1028 adesse
717 961 802 1027 hanc
836 964 1008 1046 rationem,
1046 964 1142 1046 utque
1171 961 1244 1045 ipsa
1274 961 1375 1026 verba
1411 960 1442 1024 si

289 1072 429 1154 spectes,
456 1069 566 1153 paullo
590 1069 770 1135 contortius
798 1069 858 1135 vel·
877 1073 962 1134 certe
990 1069 1120 1154 longius
1147 1068 1331 1152 quaesitum
1353 1066 1442 1131 illud

288 1175 391 1240 videri
415 1174 668 1260 copulandorum
691 1177 934 1242 enuntiatorum
956 1176 1141 1240 artificium:
1165 1196 1228 1259 quo
1246 1175 1343 1259 longe
1362 1195 1441 1258 gra·

283 1283 360 1346 rius
383 1283 446 1348 hoc
468 1281 594 1348 accedit
615 1283 701 1367 quod
722 1283 788 1348 ista
807 1283 934 1367 quidem
954 1283 1116 1348 sententia
1133 1303 1198 1348 non
1217 1280 1343 1364 patitur
1361 1301 1442 1363 pro·
1563 1359 1564 1386 ,

289 1387 374 1454 fecto
396 1391 433 1454 in
455 1391 744 1474 praepositionem,
768 1391 822 1455 sed
845 1389 930 1454 hanc
952 1389 1092 1454 formam
1116 1386 1269 1473 loquendi
1293 1387 1442 1471 flagitat:
1563 1401 1564 1470 j

289 1479 791 1562 vos·AD·sr11²vucavrd·rioc
816 1518 842 1561 e.
861 1519 891 1580 q.
911 1519 935 1561 s.
969 1494 1053 1560 Vide
1076 1495 1177 1580 igitur
1200 1517 1240 1559 ue
1263 1493 1441 1577 simplicis-

289 1603 408 1666 simum
431 1603 577 1668 omnium
599 1603 662 1669 hoc
685 1603 737 1688 sit,
760 1607 798 1668 ut
820 1602 937 1668 violari
960 1607 1206 1667 monumentum
1229 1603 1327 1683 poeta
1350 1603 1443 1666 vetet

288 1731 326 1774 eo
350 1709 485 1775 consilio
508 1708 644 1794 factum,
672 1715 709 1774 ut
731 1709 871 1792 posteris
899 1713 1005 1773 certae
1035 1708 1083 1772 rei
1105 1707 1299 1773 documento
1322 1710 1441 1771 exstet.
1563 1729 1564 1804 q

289 1814 363 1880 Non
386 1815 552 1900 dissimili,
575 1837 771 1901 quamquam
795 1815 923 1881 diversa
942 1814 1222 1900 argumentatione
1245 1814 1330 1878 idem
1352 1813 1440 1878 alius
1563 1861 1564 1898 3

289 1927 388 2006 poeta
415 1923 502 1988 cavit
528 1921 662 1988 Anthol.
685 1923 769 1987 1259
794 1920 907 2008 (Orell.
925 1921 1041 2008 4839):
1070 1921 1235 1987 Socratem
1255 1921 1372 1986 mactis
1394 1939 1440 1985 sc-
1563 1929 1564 1992 Ξ

289 2031 358 2094 dem
383 2050 421 2094 ae
450 2030 534 2094 luade
561 2032 676 2095 viator:
709 2030 804 2094 Hanc
830 2031 886 2094 titi
913 2030 1050 2095 ausceati
1074 2029 1145 2110 [otu
1171 2029 1276 2094 dedere
1304 2029 1441 2093 domum.

289 2133 379 2220 Ergo
401 2157 469 2200 non
491 2135 678 2218 putabimus
701 2135 768 2200 tale
791 2135 944 2220 quiddam
967 2136 1076 2219 potius
1105 2135 1248 2219 positum
1277 2133 1380 2198 fuisse
1405 2134 1440 2198 in

219 2257 276 2300 xrv
291 2241 408 2326 lapide,
440 2242 533 2324 quale
557 2245 606 2306 est
631 2263 703 2307 ossa
718 2277 724 2289 ·
739 2265 808 2306 aaa
823 2277 829 2290 ·
844 2265 888 2306 aa
901 2277 907 2290 ·
922 2259 1068 2306 iruulta
1100 2243 1150 2306 vel
1175 2263 1358 2306 cornrrrrr·
1375 2262 1440 2305 uc·
1563 2293 1564 2312 ,

290 2365 440 2412 cramus
464 2347 516 2412 vel
535 2348 645 2432 paullo
674 2371 751 2414 sane
775 2349 882 2432 aptius
911 2371 972 2412 ru·
988 2371 1111 2413 noram
1126 2383 1132 2396 ·
1148 2366 1310 2432 rrunmu,
1340 2367 1441 2432 quam

289 2454 352 2519 hoo
379 2455 639 2538 supplementum
667 2455 899 2539 amplectemur
927 2454 968 2519 ad
998 2455 1138 2539 sepulcri
1169 2457 1336 2522 notionem
1369 2453 1441 2519 uni-

290 2561 377 2626 versi
408 2564 572 2646 spectans:
608 2579 674 2628 vos
694 2597 700 2610 ·
720 2579 784 2626 1u·
805 2578 984 2628 sarvuuno
1004 2597 1010 2610 ·
1032 2579 1102 2628 noc
1122 2597 1128 2610 ·
1148 2579 1193 2626 aa
1213 2597 1220 2609 ·
1242 2583 1319 2634 orm
1334 2597 1341 2609 ·
1358 2583 1439 2626 ono·
1563 2613 1564 2634 ,

293 2685 451 2732 aarum.
496 2667 719 2752 Exsequatam
753 2666 854 2741 habes
882 2688 955 2731 cnm
986 2667 1163 2751 spatiorum
1199 2689 1333 2734 numero
1364 2690 1439 2752 sup·

290 2774 447 2858 plementi
470 2795 667 2838 mensuram:
694 2772 928 2858 praetereant
951 2773 1047 2837 initio
1070 2774 1204 2839 lacunae
1228 2777 1392 2839 servatam
1417 2789 1439 2836 u
1563 2815 1564 2818 =

291 2880 448 2962 litteram,
483 2883 644 2962 servatam
673 2879 707 2943 in
735 2898 757 2957 q
786 2879 1005 2944 maximamc
1036 2880 1088 2945 vel
1116 2897 1140 2946 o
1169 2880 1298 2945 litterae
1326 2879 1441 2944 simili·
1563 2885 1564 2894 ’

291 2984 450 3070 tudinem,
481 3007 540 3050 nec
570 2986 668 3050 nimis
696 2985 858 3069 disparem
885 3007 944 3068 pro
972 3003 1008 3070 u,
1041 2987 1127 3070 quod
1155 3007 1310 3070 apparere
1334 2985 1440 3050 visum
1563 3005 1564 3016 ³

291 3090 521 3175 Mommsenio,
544 3109 567 3156 N
591 3091 743 3156 litteram.
974 3077 977 3082 ¹
1563 3155 1564 3166 ,

380 3197 485 3263 Versu
502 3197 542 3263 15
565 3199 731 3282 praeclare
759 3200 801 3264 ab
825 3200 936 3265 eodem
960 3201 1127 3266 inventum
1152 3217 1239 3266 Posr
1254 3234 1261 3249 ·
1276 3219 1438 3264 FATALES·
1563 3221 1564 3248 1

293 3322 449 3389 rrsrrvs,
481 3304 578 3370 modo
611 3310 697 3371 recte
730 3311 953 3372 constructum
986 3311 1072 3373 recte
1107 3309 1334 3391 interpretem:
1360 3327 1439 3372 nam
1563 3317 1564 3360 ἐ

292 3434 365 3478 oum
393 3410 556 3494 prioribus
588 3411 622 3474 in
652 3411 738 3477 hunc
766 3414 895 3479 modum
924 3413 1070 3479 iunctum
1094 3413 1186 3496 ‘quod
1208 3419 1280 3496 post
1311 3419 1440 3478 sanem
1563 3425 1564 3508 }

291 3539 392 3583 mcum
414 3519 588 3582 documento
610 3517 666 3582 su’
696 3518 933 3603 languidissimi
961 3519 1174 3586 additamenti
1198 3521 1278 3586 sitio
1302 3521 1439 3586 laborat.
1563 3545 1564 3550 ¹

292 3623 367 3690 Non
386 3645 459 3688 rara
478 3623 512 3688 in
532 3623 694 3707 lapidibus
715 3643 732 3690 s
757 3626 887 3692 litterae
911 3632 986 3710 post
1004 3645 1027 3692 x
1046 3627 1256 3693 redundantis
1276 3629 1439 3713 exempla:
1563 3635 1564 3696 1

292 3747 421 3814 vxsoa,
455 3747 662 3816 nvxsrulvsr,
694 3747 885 3816 conrvnxs,
916 3751 1045 3816 v1xsm,
1077 3751 1301 3819 nxsnrrruvra,
1333 3749 1439 3802 nnso-

293 3842 439 3920 amara,
458 3853 671 3903 axmunrvu:
695 3861 830 3923 quorum
854 3842 1013 3926 quantum
1037 3841 1117 3905 satis
1141 3863 1158 3905 e
1182 3839 1338 3926 Scaligeri
1353 3840 1438 3906 Indi·
1563 3835 1564 3908 l

293 3946 385 4010 cibus
402 3943 597 4010 'Gruterisni
616 3944 772 4011 Thesauri
795 3969 826 4031 p.
845 3965 929 4013 xclv
953 3953 1054 4032 petas.
1086 3947 1172 4012 Nam
1195 3971 1277 4033 quae
1300 3970 1365 4014 una
1387 3947 1439 4012 via

293 4075 365 4118 cum
387 4051 514 4117 ratione
537 4053 776 4117 conservandae
795 4070 812 4118 s
835 4055 963 4119 litterae
987 4057 1097 4138 patere
1117 4053 1255 4120 videtur:
1278 4053 1376 4138 ‘quod
1395 4052 1438 4118 sit
1563 4087 1564 4116 r

293 4160 484 4242 decimenta,
508 4175 658 4226 Possm
680 4181 717 4224 rs
738 4182 826 4226 arro
849 4178 944 4227 smvs
967 4159 1138 4226 immodice
1156 4182 1197 4225 ne
1216 4159 1299 4245 quis'
1319 4184 1345 4226 e.
1360 4183 1389 4246 q.
1404 4181 1438 4241 s,
1563 4175 1564 4244 q

293 4289 332 4332 ea
354 4265 405 4332 vel
429 4269 600 4350 propterea
622 4289 688 4332 non
711 4271 821 4352 potest
842 4291 909 4335 non
933 4267 1118 4352 displicere,
1149 4267 1234 4352 quod
1257 4266 1436 4332 subiectum
1563 4251 1564 4320 l

293 4373 542 4460 grammaticum
568 4374 695 4440 nullum
726 4376 941 4459 praecessisse
974 4373 1054 4440 satis
1082 4372 1201 4439 indicio
1228 4373 1335 4456 ipsum
1365 4371 1437 4436 sub·

294 4502 434 4576 sequens
455 4498 534 4558 qvas
562 4502 741 4566 pronomen
769 4487 832 4568 est,
860 4481 946 4566 quod
974 4483 1049 4565 post
1077 4480 1157 4544 illud
1185 4477 1288 4544 multo
1312 4478 1437 4544 concin-
1563 4485 1564 4504 ¹

1563 4599 1564 4650 l
