3166 5084
284 354 327 423 28
648 376 865 426 uerruemvu
888 377 1072 427 uararovu

282 539 402 584 sorra!
433 520 694 604 supplementum
725 520 890 604 convenit,
923 542 982 586 nec
1014 520 1235 586 disconvenire
1267 540 1429 584 narrum

283 624 432 710 dixerim,
464 628 634 710 utrumque
659 627 759 692 etiam
783 648 821 694 eo
845 626 1109 711 commendabile,
1132 626 1217 712 quod
1240 631 1318 712 post
1346 642 1426 691 cvn-

282 749 350 798 οτι
382 731 438 798 ille
474 735 614 798 testatus
652 738 701 798 est
733 735 890 800 rotundae
906 752 907 757 ’
921 735 1051 800 litterae
1084 734 1224 818 speciem
1261 754 1428 818 apparere,

281 841 357 922 post
388 838 571 922 proximam
604 843 713 906 autem
744 841 888 907 litteram
921 841 1014 906 binas
1042 841 1145 906 lineas
1172 843 1287 906 rectas.
1338 839 1428 915 Quod

282 950 396 1012 contra
428 947 490 1011 etsi
523 947 647 1013 duobus
679 948 795 1033 spatiis
828 948 963 1014 eandem
995 969 1179 1014 mensuram
1214 963 1430 1012 refraenaret

280 1051 363 1117 illud
388 1052 526 1136 excedit,
563 1057 672 1120 tamen
702 1055 737 1120 in
770 1055 980 1120 annotatione
1012 1054 1182 1140 proposita
1209 1075 1229 1117 a
1255 1051 1426 1119 Mommse-

280 1157 335 1224 nio
359 1161 585 1245 supplementa
608 1177 746 1226 cvncta
764 1161 776 1245 ΙΙ
794 1183 999 1226 remoramur
1023 1164 1057 1227 et
1079 1176 1243 1226 ovacrum
1258 1159 1269 1244 11
1288 1181 1426 1224 rauran-

281 1288 358 1332 amr
388 1264 485 1354 (quae
521 1267 578 1331 ille
612 1267 726 1332 reiecit
766 1291 857 1352 sanc,
899 1269 955 1334 aed
987 1273 1120 1353 propter
1151 1266 1292 1332 formam
1324 1265 1427 1331 solam

282 1373 464 1439 litterarum
487 1373 697 1457 reiecit„nos
721 1397 761 1440 ne
785 1375 1005 1461 intellegimus
1028 1373 1171 1460 quidem)
1195 1373 1237 1440 ad
1261 1372 1426 1438 denarium

280 1483 378 1564 atque
403 1479 482 1544 adeo
506 1479 718 1546 undenarium
746 1505 916 1548 numerum
944 1483 1016 1566 ipsa
1038 1480 1298 1567 progrediuntur.
1334 1479 1427 1544 Vnde

281 1586 491 1671 consequitur
513 1588 729 1670 apostorioro
749 1588 879 1673 quidem
901 1609 995 1654 versu
1014 1588 1236 1673 exemplorum
1255 1609 1355 1670 supra
1372 1607 1427 1670 po·

280 1693 417 1758 sitorum
440 1693 567 1758 nullum
590 1695 772 1760 necessario
797 1695 960 1760 exclusum
983 1717 1062 1760 esse.
1095 1693 1301 1779 Superiorem
1320 1697 1449 1758 autem

281 1821 482 1885 quocumque
505 1799 601 1866 modo
621 1802 831 1886 suppleveris,
853 1824 912 1886 pro
931 1823 1048 1868 novem
1066 1801 1166 1866 habes
1186 1803 1243 1866 aut
1261 1802 1427 1886 quattuor·

281 1907 385 1972 decim
419 1906 726 1994 (Arrvsomrrsso,
767 1907 1063 1994 merovaeorum)
1105 1913 1161 1974 aut
1198 1909 1317 1972 saltem
1352 1906 1427 1972 duo

282 2014 384 2080 decim
427 2015 554 2080 litteras
593 2013 861 2100 (Arrvserresso,
906 2037 1161 2101 Arrvsrrororr,
1197 2035 1427 2092 esrovrnrrsao,

279 2119 530 2208 rerumrerum)
559 2121 609 2188 vel
638 2121 778 2188 fortasse
814 2121 962 2187 undecim
990 2123 1018 2186 si
1046 2138 1147 2188 svnsr
1172 2122 1329 2206 scriptum
1355 2120 1427 2186 fuit.

281 2227 327 2293 At
348 2250 389 2293 ne
415 2227 564 2294 undecim
586 2229 715 2314 quidem
732 2228 860 2294 litteras
874 2227 1108 2294 Mommsenius
1126 2229 1295 2312 concessit,
1318 2231 1426 2312 spreto

280 2339 377 2420 atque
400 2335 587 2420 improbato
611 2336 644 2400 in
668 2335 877 2400 annotatione
900 2334 995 2400 huius
1014 2355 1182 2400 mensurae
1202 2335 1426 2419 supplemento

281 2463 512 2514 aoamvsovaa.
571 2439 633 2508 Sed
670 2442 807 2508 eundem
838 2445 950 2507 tamen
985 2443 1121 2508 lacunae
1157 2443 1316 2508 ambitum
1353 2463 1426 2507 cum

280 2550 365 2616 idem
396 2551 453 2616 ille
486 2573 505 2616 a
537 2549 644 2635 priore
672 2571 766 2615 versu
797 2571 864 2616 non
893 2549 1034 2615 alienum
1070 2548 1276 2634 iudicaverit,
1315 2553 1427 2615 contra

280 2660 378 2742 atque
411 2659 445 2724 in
474 2655 663 2742 apographo
696 2656 951 2741 significaverat,
980 2653 1153 2720 verendum
1185 2677 1225 2720 ne
1257 2655 1311 2722 liic
1339 2655 1425 2722 iusto

280 2765 408 2849 parcior
435 2765 640 2847 computator
667 2764 836 2828 exet‘terit
882 2763 928 2828 Vt
954 2785 1022 2828 non
1043 2767 1164 2828 temere
1196 2762 1242 2828 sie
1265 2762 1424 2828 existime-

280 2893 365 2955 mus,
392 2891 452 2936 neo
475 2885 596 2935 svnsr·
613 2890 830 2941 ovar-osum
852 2891 889 2935 ao
911 2869 1049 2934 fortasse
1072 2892 1112 2934 ne
1141 2867 1333 2954 exquisitius
1356 2870 1424 2954 qui-

279 2977 353 3044 dem
376 2995 445 3044 svm
461 3011 467 3026 ·
482 2997 602 3041 mvs-
618 2999 637 3048 o
651 3009 658 3025 ·
673 2991 775 3040 onom
794 2975 915 3040 rationi
935 2997 972 3040 ae
991 2975 1217 3060 probabilitati
1235 2997 1425 3062 repugnare,

277 3085 469 3169 praesertim
502 3107 574 3150 cum
606 3084 647 3150 ab
676 3083 789 3148 eodem
820 3081 977 3167 lapidatio
1007 3077 1033 3147 b
1066 3103 1124 3166 pro
1152 3099 1190 3145 DI
1217 3082 1355 3147 incisum
1382 3083 1426 3148 sit

279 3215 308 3256 v.
327 3193 357 3258 8.
388 3189 523 3256 Accedit
546 3189 631 3276 quod
650 3193 715 3254 et1
738 3192 771 3254 et
793 3207 815 3254 a
835 3192 904 3256 ets
923 3192 957 3254 et
979 3207 1000 3252 P
1024 3185 1277 3276 (pariteratque
1296 3207 1317 3254 u
1337 3189 1424 3276 eta)

279 3321 317 3364 cx
341 3299 387 3364 eis
406 3298 525 3364 litteris
545 3301 628 3381 sunt,
651 3295 767 3381 quibus
787 3297 829 3361 ob
847 3297 970 3382 figurae
990 3298 1174 3382 angustiam
1194 3297 1423 3362 multominus

279 3405 377 3491 spatii
400 3427 496 3490 quam
519 3405 654 3491 reliquis
678 3403 820 3470 debetur.
933 3399 934 3402 ’

367 3509 479 3596 Longo
503 3512 603 3576 etiam
630 3510 787 3578 maiorem
811 3511 990 3575 sententiae
1014 3511 1206 3576 varietatem
1225 3513 1321 3596 atque
1345 3511 1423 3577 adeo

278 3617 498 3684 diversitatem
517 3639 629 3684 versus
647 3618 689 3682 14
707 3617 823 3682 lacuna
841 3615 994 3682 admittit.
1021 3617 1066 3706 Et
1083 3635 1181 3682 loma
1201 3617 1331 3702 quidem
1344 3617 1424 3684 illud

278 3726 313 3791 in
330 3725 393 3790 fine
415 3725 558 3809 positum
585 3725 663 3790 licet
688 3723 740 3790 vel
764 3741 866 3790 roma
894 3724 946 3790 vel
973 3741 1079 3790 somn
1108 3725 1159 3790 vel
1186 3742 1296 3790 roura
1325 3725 1424 3790 inter-

277 3832 409 3916 pretari.
454 3848 522 3896 Lac
546 3835 668 3916 autem,
691 3831 777 3916 quod
799 3829 894 3897 initio
917 3831 1052 3897 lacunae
1075 3831 1185 3897 decem
1209 3831 1318 3915 spatia
1340 3853 1423 3896 com-

278 3939 392 4023 plexae
416 3938 524 4023 legere
547 3936 610 4002 sibi
638 3937 726 4002 visus
750 3941 800 4002 est
822 3936 1070 4022 Mommsenius,
1098 3939 1126 4004 si
1149 3941 1235 4002 recte
1257 3938 1348 4022 legit,
1371 3938 1424 4004 vix

277 4045 387 4128 potest
404 4043 469 4108 alio
489 4047 636 4127 spectare
651 4065 749 4128 quam
768 4043 809 4108 ad
830 4045 913 4110 lau.
955 4043 1025 4122 Quo
1048 4045 1103 4130 qui
1127 4043 1215 4110 velut
1234 4044 1281 4108 sic
1299 4047 1424 4110 utatur:
1504 4129 1511 4138 .

278 4165 410 4215 mucra·
427 4167 709 4218 coroa.conn1¹ru
741 4150 792 4215 vel
822 4171 946 4215 Marri·
963 4167 1107 4216 crumulo
1145 4149 1196 4213 vel
1229 4171 1424 4216 arra-rra·

279 4275 438 4342 erumna,
471 4261 507 4323 ut
534 4257 600 4324 alia
627 4258 770 4341 mittam,
802 4257 883 4322 satis
910 4257 1057 4342 profecto
1085 4257 1191 4322 ieiune
1219 4260 1252 4322 et
1281 4258 1423 4342 cogitan-

279 4369 343 4430 tem
369 4369 402 4429 et
424 4365 609 4451 loquentem
632 4369 763 4451 poetam
785 4364 894 4450 faeiat,
917 4365 968 4430 cui
989 4363 1106 4431 saltem
1127 4365 1243 4448 sorpto
1269 4386 1328 4448 pro
1349 4365 1425 4430 lecto

280 4471 448 4538 dicendum
468 4477 552 4558 erat,
574 4471 607 4538 id
627 4472 710 4558 quod
730 4472 835 4558 magis
854 4472 953 4538 etiam
971 4472 1005 4536 in
1029 4487 1138 4537 Lucra
1152 4506 1159 4522 ·
1174 4493 1236 4536 rr.
1252 4492 1330 4544 ovi·
1345 4489 1424 4538 ran·
