3216 5082
252 387 300 436 un
323 387 588 436 nacnrnarronu
612 385 758 448 overran
782 385 913 434 parma
937 383 1208 434 naconurrronn.
1253 367 1330 438 413.

178 553 377 598 communem
405 530 506 597 fuisse
533 530 736 597 intellectum
763 534 822 596 ast
868 529 978 614 Atque
1003 532 1059 595 ant
1086 513 1191 614 ipsam
1212 528 1320 593 latini·

177 643 278 705 tatem
310 639 377 704 eius
407 638 634 728 declinatiopis
665 641 721 704 aut
749 637 866 703 miram
895 635 1104 702 dialectorum
1132 635 1321 701 Italicarum

178 747 403 832 cognationem
431 767 655 831 summamque
682 745 717 812 in
744 745 805 810 hoc
833 744 905 828 ipso
935 765 1051 830 genere
1076 741 1321 808 similitudinem

176 854 254 919 licet
274 876 360 920 nunc
383 875 467 919 noro
492 852 685 926 documento
709 851 934 935 comprobare,
958 853 1043 936 quod
1068 873 1085 916 e
1107 873 1321 936 permemora-

176 960 297 1026 bilibus
320 959 426 1024 titulis
449 958 586 1023 Faliscis
609 958 676 1024 illis
700 957 842 1042 petimus
865 956 1023 1022 laudabili
1045 957 1222 1041 Raphaelis
1244 955 1322 1022 Gar-

176 1067 276 1131 rnccii
305 1066 465 1131 industria
496 1087 598 1150 nuper
625 1065 660 1130 in
690 1065 795 1131 lucem
829 1064 981 1150 proditis:
1014 1063 1053 1130 de
1086 1063 1202 1148 quibus
1231 1064 1321 1129 brevi

176 1173 371 1238 Mommseni
394 1173 428 1238 in
441 1173 534 1238 Actis
558 1173 731 1238 menstruis
755 1153 938 1238 academiae
953 1169 1171 1236 Berolinensis
1191 1193 1218 1236 a.
1236 1171 1321 1237 1860

177 1303 207 1366 p.
226 1281 290 1345 451
311 1301 380 1366 sqq.
401 1281 588 1346 narratione
611 1283 751 1366 constet,
774 1303 850 1346 mox
879 1280 1024 1346 uberiore
1048 1277 1213 1346 Gamuccii
1236 1301 1320 1346 com-

177 1388 336 1454 mentario
360 1389 525 1455 constabit
551 1389 585 1454 in
608 1387 791 1454 Annalibus
819 1387 969 1454 Instituti
997 1387 1235 1474 archaeclogici
1257 1387 1320 1454 Ro-

177 1495 265 1562 mani
296 1496 473 1582 proditura.
519 1495 559 1561 In
591 1496 707 1563 horum
736 1496 839 1582 igitur
870 1495 1042 1562 titulorum
1075 1495 1120 1559 eis
1149 1495 1219 1580 qui,
1251 1495 1321 1562 sia

176 1605 360 1670 litterarum
383 1603 497 1668 formis
522 1604 604 1669 satis
628 1603 848 1690 singularibus
872 1603 1007 1688 ipsoque
1027 1593 1122 1668 cursu
1142 1603 1320 1686 scripturae

175 1711 376 1795 discesseris,
405 1733 425 1776 a
452 1711 610 1796 pristinae
638 1709 813 1777 latinitatis
842 1709 947 1793 specie
977 1709 1124 1793 proximo
1148 1709 1320 1777 intervallo

176 1820 310 1894 distant,
337 1817 438 1883 etiam
464 1815 518 1880 hic
546 1819 596 1880 est
619 1837 715 1901 quem
743 1815 828 1881 infra
851 1815 944 1900 posui
968 1814 1096 1900 qualem
1120 1815 1224 1881 denuo
1248 1839 1320 1882 exa-

175 1927 299 1992 minato
322 1923 431 2010 lapide
454 1923 627 2008 legendum
650 1944 720 1990 esse
744 1921 915 2010 Adolphus
940 1923 1158 2014 Kiesslingins
1180 1946 1232 1990 me
1257 1947 1320 1992 eer-

177 2033 294 2100 tiorem
316 2033 408 2100 fecit:

411 2155 525 2224 ΤΙΤΟ
542 2155 923 2226 -ucanonclnro

409 2262 1100 2334 NVA·FI·POP·PIITRVNIIS·CII-Il

175 2391 241 2457 Vbi
264 2395 334 2458 tam
363 2413 433 2456 esse
462 2394 585 2456 certum
612 2391 799 2456 Petrunes
827 2412 946 2480 nomen
974 2396 1121 2476 apparet,
1149 2393 1180 2456 h.
1200 2415 1226 2456 e.
1250 2392 1373 2461 Pe-vn

175 2499 343 2583 tronius,
365 2503 403 2563 ut
425 2498 560 2564 verbum
583 2519 650 2562 non
673 2497 813 2582 amplius
838 2498 999 2585 addam.*)

265 2603 419 2689 Superest
437 2607 475 2670 ut
492 2605 649 2690 quaedam
668 2627 772 2689 nuper
790 2628 811 2670 a
829 2626 881 2669 me
900 2605 1070 2689 proposita
1088 2607 1140 2671 vel
1159 2607 1319 2692 corrigam

176 2712 226 2778 vel
249 2713 375 2776 firmem
402 2715 435 2777 et
462 2711 639 2777 defendam.
688 2712 733 2778 Et
759 2713 900 2797 primum
928 2711 1059 2796 quidem
1081 2711 1318 2780 BARNAEVS

175 2818 330 2902 nominis,
362 2819 401 2884 de
429 2840 493 2904 quo
526 2817 592 2883 dixi
619 2841 650 2903 p.
674 2819 714 2884 21
750 2819 830 2901 [464
853 2821 914 2904 sq.]
943 2819 1028 2902 adn,
1063 2841 1184 2885 novum
1215 2843 1320 2906 nuper

176 2927 358 3011 exemplum
381 2925 503 3011 prodiit
530 2947 569 2990 ex
597 2925 762 3010 epitaphio
786 2925 984 3012 Mogontiaci
1007 2929 1148 3012 reperto,
1176 2928 1261 3012 quod
1284 2927 1319 2992 iu

176 3032 440 3120 ‘Mittheilungen
463 3034 519 3099 des
543 3031 782 3121 (Frankiurter)
802 3031 940 3101 Vereins
963 3034 1017 3098 fiir
1037 3031 1229 3100 Gesohicbte
1253 3035 1318 3100 und

174 3140 498 3207 Altertbumslrunde'
521 3145 544 3206 t.
563 3139 596 3206 Π
619 3164 650 3228 p.
671 3143 734 3208 118
754 3164 823 3228 sqq.
845 3141 871 3208 Ι.
889 3141 1049 3210 Beckerus
1073 3140 1319 3209 Francofiirten·

175 3249 220 3314 sis
243 3249 309 3313 tale
332 3245 503 3335 edidit**):

264 3441 289 3508 2)
310 3440 391 3496 ‘Sero
414 3441 444 3496 in
466 3458 565 3496 manus
588 3443 697 3497 norbae
716 3442 869 3497 Annalium
892 3441 1018 3498 Instituti
1041 3443 1248 3515 archaeclogici
1265 3445 1318 3500 Ro·

176 3528 252 3583 mani
270 3529 401 3584 volumen
420 3529 524 3584 XXXII
543 3532 578 3598 (a.
597 3533 674 3600 1866)
698 3531 839 3602 pervenit,
862 3531 892 3586 in
915 3549 971 3602 quo
994 3548 1079 3602 supra
1101 3549 1119 3586 a
1142 3532 1221 3588 nobis
1245 3551 1318 3588 com·

175 3619 359 3672 memoratum
383 3619 497 3674 titulum
518 3620 657 3675 Faliscum
681 3620 740 3690 ipse
766 3620 931 3676 Gar'rucciua
959 3621 1086 3690 exemplo
1114 3621 1318 3693 chalcographo

176 3705 387 3776 exprimendum
406 3709 516 3764 curavit
534 3709 591 3763 tab.
608 3710 641 3763 H
656 3728 681 3764 n.
700 3716 740 3777 12,
758 3709 801 3765 ita
819 3713 914 3766 autem
932 3710 1133 3780 interpretatus
1153 3713 1197 3766 est
1215 3730 1242 3782 p.
1257 3717 1318 3780 2⁷5,

175 3798 208 3850 ut
229 3799 341 3850 norbae
364 3797 493 3853 lectionis
520 3799 739 3869 haudquaquam
766 3817 818 3856 nos
845 3799 1009 3870 paeninae!
1057 3800 1253 3856 Addendum
1281 3819 1318 3855 ex

166 3884 285 3955 ¹ipsius
304 3885 469 3954 prooemii
493 3885 563 3942 sine
582 3905 609 3957 p.
627 3888 674 3944 IX.
695 3920 727 3930 -
748 3888 812 3944 ‘Die
831 3888 944 3960 Lesuug
966 3889 1015 3945 der
1033 3889 1094 3944 bier
1112 3891 1319 3960 besprochenen

174 3973 352 4030 faliscischen
371 3974 503 4030 Inscbn'ft
520 3977 573 4031 mit
591 3977 641 4032 der
659 3978 743 4034 Form
762 3979 896 4034 Petrunes
915 3997 941 4033 u.
956 3997 976 4035 e.
992 3997 1025 4034 w.
1045 3978 1183 4049 bestatigt
1203 3995 1233 4033 so
1248 3979 1319 4034 eben

175 4063 415 4132 anebDetlefsen
437 4063 476 4118 im
499 4064 614 4120 Bullett.
639 4067 664 4122 d.
685 4067 752 4121 Inst.
773 4071 840 4122 1861
859 4084 887 4136 p.
905 4073 963 4135 199,
987 4066 1115 4122 mit'der
1136 4067 1319 4140 anderweitig

174 4154 378 4209 interessantcn
392 4153 595 4224 Berichtigung
614 4155 662 4210 des
674 4155 735 4224 Pop
753 4155 782 4209 in
797 4155 856 4210 Pcb
875 4157 931 4210 und
951 4156 1015 4211 dem
1030 4156 1130 4210 Zusatz
1144 4172 1190 4210 am
1205 4157 1318 4213 Schluss

176 4241 244 4312 [lale
261 4242 410 4314 cu[bont].'
444 4243 643 4298 Auctarium
662 4243 851 4300 Ritsohelii
869 4243 978 4300 Musei
991 4243 1092 4300 Rhen.
1112 4245 1132 4301 t.
1147 4243 1212 4300 XVI
1225 4246 1317 4318 (1861)

175 4346 203 4398 p.
221 4337 273 4386 625
292 4331 355 4388 adn.

246 4418 287 4486 ¹¹²)
307 4420 372 4476 ‘Die
390 4419 451 4476 hier
473 4422 655 4480 wiederbolte
673 4422 804 4479 Inschrist
820 4414 874 4494 ist,
897 4423 952 4480 aie
974 4423 1020 4479 ich
1044 4441 1075 4479 sc
1094 4425 1164 4480 eben
1182 4442 1233 4482 aus
1251 4425 1317 4483 Ger-

144 4521 146 4528 *
175 4505 268 4561 hard'e
285 4508 414 4567 Archacl.
428 4511 566 4584 Anaeiger
585 4517 651 4569 1861
671 4531 699 4584 p.
714 4517 783 4569 209*
802 4513 907 4585 erseba,
925 4530 982 4571 vou
995 4513 1255 4575 Mommsenatwas
1269 4535 1316 4577 an·
