3166 5084
274 311 316 377 56
572 329 718 379 srnnurs
742 332 777 377 m
803 331 872 377 nur
895 331 965 378 unx
989 331 1128 379 avarem.

253 471 387 537 ‘denter
411 474 568 538 omissum
592 495 671 537 esse.
718 473 767 536 Ad
790 473 806 537 I
829 475 849 538 3
874 479 1021 558 poteram
1051 475 1219 558 adnotare,
1253 475 1340 559 qnod
1365 498 1433 559 pro

274 579 392 644 vitioso
410 585 765 642 ,JVDJGAVERITVE
792 579 925 666 Hugoni
949 580 1027 645 olim
1050 582 1084 644 in
1107 583 1248 644 mentem
1274 581 1433 663 venisset,

274 685 320 750 sic
351 691 387 750 ut
415 687 609 752 scriberetur
637 689 717 752 selue
743 690 935 771 sponsionem
961 689 1046 769 ficret
1073 687 1221 752 iudicabit
1248 689 1435 754 iudicaretur
1516 771 1519 774 Ι
1564 765 1565 778 ¹

186 805 192 814 '
274 793 398 877 irrbcdit,
431 793 463 857 id
492 792 618 858 defendi
647 815 711 856 non
739 814 835 876 posse
869 796 1016 877 recteque
1050 791 1266 858 aDirlrsenio
1296 795 1433 879 neglec-

245 935 248 938 ·
274 904 343 964 tum
367 921 447 966 esse.

364 1008 415 1072 Ad
434 1007 556 1072 formas
577 1007 779 1092 singularum
799 1007 982 1071 litterarum
1000 1006 1085 1090 quod
1105 1005 1241 1090 attinet,
1264 1008 1347 1074 illud
1372 1009 1432 1074 ad·

275 1137 405 1181 monere
429 1115 609 1198 supersedi,
640 1113 837 1180 Glitteram
866 1113 900 1178 in
928 1113 989 1178 hac
1012 1115 1084 1197 lege
1107 1136 1173 1180 non
1198 1116 1303 1200 magis
1327 1137 1432 1199 quam

275 1224 308 1288 in
331 1222 419 1288 illius
444 1223 562 1286 aetatis
587 1221 670 1304 aliis,
693 1221 782 1285 velut
800 1221 835 1284 in
853 1220 936 1284 Iulia
954 1221 1157 1304 municipali,
1180 1221 1272 1305 plene
1297 1227 1331 1287 et
1353 1223 1432 1287 dili-

275 1333 390 1415 genter
412 1329 638 1413 cousignatam
661 1349 742 1412 esse,
765 1328 820 1392 sed
844 1328 1033 1412 plerumque
1056 1327 1103 1392 ita
1126 1329 1281 1412 scriptam
1306 1333 1344 1394 ut
1363 1329 1436 1394 aC
1564 1341 1565 1356 ³

274 1437 384 1500 littera
407 1439 463 1500 aut
482 1435 564 1499 nihil
584 1439 641 1498 aut
660 1435 712 1498 vix
732 1435 904 1520 quicquam
924 1435 1058 1500 differat.
1078 1474 1119 1481 -
1139 1435 1309 1500 Postremo
1327 1436 1432 1520 quod,

274 1544 330 1608 ubi
360 1543 656 1608 Irruurvuoarm
692 1541 983 1607 Drscnnra‘urran
1022 1541 1201 1626 composui,
1237 1546 1431 1608 constanter

272 1650 429 1716 lemmata
460 1649 667 1734 praescripsi,
700 1671 738 1714 eo
771 1648 834 1712 feci
864 1652 913 1732 ut,
946 1649 1022 1732 quid
1050 1671 1177 1733 quoque
1209 1649 1281 1714 loco
1309 1671 1431 1734 reapse

274 1760 400 1822 exstare
430 1757 465 1821 in
492 1777 565 1820 aere
595 1757 771 1840 videretur,
802 1755 967 1839 probabili
996 1756 1183 1839 opinatione
1215 1755 1429 1821 declararem.

276 1865 402 1948 Quippe
434 1865 468 1928 in
502 1863 630 1947 punctis
660 1863 865 1947 potissimum
898 1861 1052 1928 addendis
1085 1885 1150 1928 non
1182 1884 1221 1926 ca
1252 1863 1431 1948 diligentia

276 1972 420 2055 sculptor
443 1970 506 2034 fuit
530 1971 609 2054 quin
633 1992 743 2054 saepe,
766 1973 874 2034 utrum
894 1969 1031 2034 discreta
1054 1993 1094 2034 an
1117 1971 1228 2035 iuncta
1251 1991 1321 2034 esse
1345 1970 1430 2034 bina

276 2077 433 2144 vocabula
456 2077 607 2160 voluerit,
630 2077 663 2140 in
690 2075 843 2161 ambiguo
867 2077 1042 2160 reliquerit.
1095 2096 1098 2101 ’

754 2381 924 2388 ...ω-ῃ...-
929 2381 956 2387 ...-

365 2633 437 2712 [His
462 2635 672 2711 subiungenda
694 2640 764 2695 sunt
787 2655 864 2712 quae
887 2636 989 2711 paullo
1012 2639 1081 2710 post
1100 2635 1212 2694 edilum
1231 2653 1428 2710 programma

274 2742 475 2801 academicum
502 2741 684 2800 Ritscheliua
713 2743 809 2802 Musei
832 2743 969 2801 Rhenani
996 2743 1054 2802 vol.
1074 2743 1148 2800 VIII
1170 2762 1199 2818 p.
1219 2743 1282 2800 298
1299 2759 1363 2817 sqq.
1394 2745 1427 2800 et

275 2850 339 2907 448
356 2867 418 2924 sqq.
441 2848 618 2924 disputavit.
664 2848 695 2907 O.
715 2847 776 2924 W.]

838 3056 862 3120 I.

533 3178 703 3264 Sirernps
732 3181 770 3244 in
797 3181 862 3245 der
888 3183 950 3246 lex
979 3181 1171 3264 Rubria.*)

222 3392 261 3430 29⁸
364 3358 403 3422 In
428 3359 501 3423 dem
524 3357 727 3423 Rubrischen
751 3359 866 3423 Gesetz
888 3361 941 3424 fiir
964 3359 1022 3424 das
1046 3359 1274 3444 cisalpinische
1291 3358 1422 3424 Gallien

275 3465 378 3529 heisst
402 3489 435 3530 es
459 3467 494 3529 in
517 3464 573 3529 dor
596 3465 732 3529 aweiten
756 3464 911 3532 Oolumne
935 3465 966 3530 Z.
990 3466 1043 3529 10:
1068 3465 1153 3530 ‘tum
1176 3467 1215 3530 de
1240 3488 1293 3550 eo,
1316 3489 1337 3531 a
1359 3489 1424 3550 quo

276 3593 314 3635 ea
337 3573 474 3656 pecunia
496 3573 618 3656 peteita
642 3572 716 3656 crib,
747 3573 848 3656 deque
877 3595 915 3636 eo
938 3549 1013 3657 qiroi
1038 3593 1108 3638 aum
1137 3573 1307 3656 pecuniam
1337 3572 1426 3638 darei

276 3679 434 3762 oportebit,
459 3697 565 3744 snas
581 3715 587 3726 ·
603 3695 671 3743 Lux
687 3714 692 3726 ·
708 3697 762 3743 rvs
779 3714 784 3726 ·
801 3695 1000 3756 cavsseqvn
1017 3715 1023 3726 ·
1039 3697 1060 3744 0
1077 3697 1296 3750 ·0·1c·nsr0·
1326 3683 1424 3764 atque

277 3786 343 3850 ulei
367 3789 452 3849 esset
476 3807 586 3850 essene
610 3790 777 3870 oporteret
800 3786 846 3850 sei
869 3784 909 3850 is'
938 3789 1011 3868 etc,
1044 3787 1107 3850 und
1136 3785 1169 3850 Z.
1189 3787 1245 3850 40:
1278 3785 1361 3851 ‘tum
1386 3788 1424 3851 dc

277 3913 323 3974 eo,
347 3913 366 3956 a
389 3913 452 3976 quo
477 3913 515 3956 ea
537 3914 587 3956 res
611 3892 658 3956 ita
682 3895 809 3975 petetur
831 3915 968 3977 quemue
992 3915 1029 3958 eo
1053 3893 1089 3958 dc
1112 3915 1150 3958 eo
1173 3894 1275 3958 reita
1299 3897 1425 3978 agetur,

278 3996 378 4082 deque
402 4021 439 4063 eo
464 3999 539 4082 quoi
564 4019 634 4062 eam
658 4021 726 4062 rem
749 3999 837 4063 darei
855 3999 941 4064 fierci
964 4002 1133 4088 praestaret
1156 3999 1283 4064 restitui
1303 4001 1424 4066 satisne

277 4103 313 4168 dc
336 4126 374 4168 ea
397 4127 429 4170 rc
451 4105 541 4170 fierei
569 4106 745 4189 oportebit,
779 4104 1424 4190 S·L·R·1·0·Q-0-0·R·E·atque

276 4210 341 4273 utei
365 4210 463 4276 esset'
487 4217 546 4276 etc.
589 4211 759 4276 Nachdem
783 4211 834 4275 die
857 4213 1085 4277 italiiinischen
1108 4210 1335 4296 Heransgober
1357 4213 1424 4277 die-

366 4437 390 4506 *)
412 4439 522 4508 [ursin.
542 4439 670 4494 nussum
688 4441 706 4494 r.
727 4439 826 4496 runo.
847 4440 975 4494 11111111
994 4441 1086 4511 (1811)
1104 4459 1132 4511 p.
1147 4441 1311 4512 res-eor]
