3116 5066
279 293 342 358 166
556 307 778 356 nosvnsnrs
803 304 1041 354 eersnspmcn
1063 304 1154 352 narn.

275 453 475 538 geminatum
494 453 571 536 post
589 473 708 514 annum
730 449 850 534 620*);
870 452 1057 514 constanter
1075 448 1275 534 geminatum
1293 447 1429 532 paucis·

275 558 367 622 simis
391 557 531 641 exceptis
556 555 743 620 vetustioris
768 555 867 620 moris
895 554 1040 638 reliquiis
1065 553 1174 639 paullo
1202 558 1278 638 post
1300 575 1430 619 annum

275 667 349 730 640.
396 663 440 728 nt
473 665 596 748 primae
631 662 761 748 quidem
794 661 911 727 aetatis
945 661 1109 748 singulare
1133 661 1314 746 exemplum
1341 660 1430 724 illud

276 769 420 836 INNAD
445 770 517 836 dico
536 770 660 835 Romae
679 769 875 853 insculptum
895 789 981 833 anno
1001 769 1066 833 540
1086 766 1134 850 [C.
1152 767 1178 832 I.
1197 766 1232 832 L.
1254 767 1271 832 I
1293 789 1324 832 n.
1344 767 1431 851 53ος

275 877 331 961 Vl,
357 881 372 942 1
404 900 435 942 n.
467 877 580 958 1281]:
609 877 693 960 quod
724 897 795 940 cum
825 875 903 940 olim
932 874 1174 940 addubitassem
1202 873 1266 956 [tit.
1290 871 1431 938 Murum.

275 1007 307 1068 p.
330 983 386 1068 IV,
411 1006 508 1068 supra
531 1006 561 1067 p.
586 983 659 1066 88],
686 985 761 1067 post
784 983 931 1048 intellexi
954 982 1087 1048 eandem
1112 1001 1269 1068 a-graeco
1292 981 1431 1046 nomine

276 1091 404 1156 veniam
442 1087 625 1178 habere**)
658 1111 755 1174 quam
787 1089 822 1153 in
855 1089 918 1154 alio
956 1111 1073 1175 genere
1110 1093 1263 1174 vergente
1295 1089 1431 1154 saeculo

276 1201 368 1262 sexto
398 1195 448 1278 [O.
476 1195 501 1261 l.
528 1195 564 1260 L.
594 1195 610 1258 I
642 1218 672 1259 n.
702 1195 758 1278 353
788 1195 824 1260 P.
846 1195 882 1260 L.
905 1195 948 1260 M.
971 1196 1009 1260 Ε.
1037 1197 1103 1262 tab.
1131 1195 1189 1261 XL
1213 1195 1257 1278 G]
1286 1196 1432 1261 incisum

277 1287 472 1368 ΑΝΤΙΟΟΟ
497 1302 527 1366 h.
551 1324 576 1367 e.
598 1301 771 1386 detiorum,
795 1302 844 1366 vel
870 1325 953 1368 anno
978 1302 1058 1370 adeo
1078 1304 1143 1368 662
1161 1301 1430 1369 ARCHELAOS

278 1411 311 1474 in
336 1407 446 1473 Athoo
471 1409 567 1474 titulo
592 1429 686 1493 quem
710 1431 814 1492 nuper
838 1409 891 1491 [de
914 1410 980 1474 mil.
999 1410 1076 1495 Pop.
1107 1411 1209 1496 deque
1232 1409 1333 1496 epigr.
1358 1407 1433 1474 Sor.

277 1539 308 1600 p.
325 1516 366 1579 28
388 1511 501 1599 (supra
524 1537 555 1598 p.
572 1512 663 1597 149)]
684 1514 858 1598 publicavi,
880 1519 1053 1602 postquam
1073 1517 1137 1582 iam
1157 1520 1293 1582 exeunte
1311 1517 1431 1602 quinto

200 1700 203 1706 Ι
279 1621 408 1686 saeculo
433 1620 459 1685 0
487 1621 616 1686 litterae
648 1620 682 1683 in
716 1619 818 1684 ultera
846 1619 1061 1688 declinatione
1089 1645 1165 1687 usus
1194 1621 1343 1687 desierat
1354 1621 1433 1708 ***)

281 1727 432 1793 Ceterum
457 1727 621 1814 singulare
640 1724 784 1791 INNAD
803 1726 883 1792 illud
908 1727 984 1810 dixi,
1007 1728 1092 1814 quod
1115 1727 1154 1793 de
1173 1727 1298 1794 SEFFI
1320 1729 1433 1795 forma

280 1835 315 1900 in
338 1833 480 1898 mirabili
510 1834 568 1898 ille
596 1833 714 1898 codicis
739 1833 879 1898 Gudiani
907 1833 1133 1920 inscriptione,
1161 1859 1257 1922 quam
1285 1836 1319 1901 in
1341 1835 1432 1902 libro

243 1959 264 1998 v
280 1941 318 2005 de
341 1939 487 2005 dialectis
511 1963 541 2024 p.
569 1941 634 2004 364
661 1939 882 2006 Mommsenus
911 1943 1035 2026 posuit,
1062 1944 1161 2009 nimis
1188 1944 1345 2010 incertum
1379 1948 1433 2008 est

281 2046 444 2110 iudicium.
491 2044 637 2110 Secunda
666 2050 773 2111 autem
803 2049 894 2112 aetas
925 2071 997 2114 oum
1030 2051 1177 2134 aprima
1200 2051 1433 2118 invalescentis

282 2152 487 2235 auctoritatis
510 2151 680 2216 Ennianae
709 2153 893 2221 discrimine
916 2155 1123 2240 distineatur,
1146 2181 1213 2224 non
1236 2179 1306 2224 esse
1329 2157 1433 2222 nimis

281 2259 500 2342 mirumoputo
521 2257 615 2344 quod,
639 2281 712 2323 cum
731 2259 765 2323 in
785 2257 843 2325 SC.
862 2261 901 2326 de
920 2260 1139 2331 Bacanalibus
1159 2264 1235 2350 anni
1255 2265 1319 2329 568
1338 2287 1433 2330 num·

282 2388 377 2452 quam
402 2365 601 2450 geminatum
630 2369 727 2450 esset,
760 2370 948 2432 constanter
974 2367 1007 2433 id
1030 2369 1151 2435 factum
1176 2371 1282 2436 estin
1307 2369 1367 2436 SC.
1393 2371 1433 2436 de

282 2473 471 2538 Tiburtibus
501 2470 586 2556 quod
615 2471 744 2536 exeunti
773 2472 873 2536 ferme
902 2475 1029 2539 saeculo
1054 2473 1101 2539 VI
1124 2476 1332 2542 tribuendum
1357 2501 1433 2544 oon-

282 2581 358 2666 ieci,
388 2577 546 2665 siquidem
574 2576 636 2642 hoo
668 2577 722 2642 litt
693 2577 786 2642 tteris
816 2577 1001 2664 consignari
1029 2579 1069 2644 ab
1097 2581 1207 2668 aliquo
1235 2584 1343 2702 potuit
1377 2585 1433 2670 qui

281 2632 451 2753 Endianae
475 2685 577 2750 doct'
536 2689 640 2750 trinae
664 2706 733 2749 sese
757 2683 947 2748 addixisset:
919 2685 1035 2750 tnisi
1058 2685 1142 2752 forte
1161 2710 1226 2754 non
1245 2689 1318 2774 ipsa
1336 2696 1433 2757 vetus

282 2793 394 2859 tabula
421 2773 486 2856 fuit
513 2813 610 2876 quam
638 2812 723 2854 nunc
751 2790 952 2874 deperditam
975 2790 1108 2858 Fulvius
1132 2792 1271 2860 Vrsinus
1301 2800 1335 2862 et
1364 2797 1432 2864 En-

281 2901 355 2964 nius
391 2899 544 2974 Quirinus
572 2895 760 2962 Viscontius
789 2897 940 2962 viderunt
925 2898 1221 2987 tedideruntqw,
1253 2903 1310 2967 sed
1341 2910 1432 2988 post

283 3004 455 3070 modum
446 3025 495 3068 ins
497 3001 676 3087 teurate.†)
723 2999 874 3068 Ceterum
907 3004 1063 3070 secundae
1096 3006 1274 3093 tertiaeque
1310 3012 1416 3077 aetat
1390 3016 1434 3078 tis

283 3111 437 3196 exemplis
472 3110 505 3174 in
539 3109 770 3175 commentario
804 3108 1003 3176 Mummiano
1033 3135 1063 3196 p.
1091 3113 1138 3178 IV
1167 3118 1281 3200 [supra
1311 3139 1341 3200 p.
1374 3115 1431 3203 88]

283 3217 473 3302 compositis
506 3215 580 3280 addi
612 3219 748 3299 possunt
780 3213 885 3280 CINA
919 3239 936 3280 e
969 3217 1063 3301 cippo
1095 3220 1237 3287 miliario
1266 3221 1291 3286 I.
1319 3222 1357 3288 R.
1393 3223 1432 3290 N.

285 3326 373 3390 ears
397 3324 474 3390 anni
498 3323 561 3388 ean
588 3319 637 3403 [o.
660 3319 684 3402 1.
708 3319 742 3385 6.
765 3320 780 3386 1
804 3343 834 3386 n.
859 3322 940 3406 sss,
965 3323 999 3388 P.
1024 3323 1057 3388 6.
1077 3308 1119 3391 n.
1139 3325 1177 3392 n.
1195 3328 1260 3393 ab.
1282 3327 1360 3395 uvi
1376 3333 1432 3414 A],

283 3431 327 3498 0·
342 3427 606 3496 FANNI-Mn
629 3479 636 3492 .
661 3479 667 3492 .
692 3477 699 3490 .
724 3477 732 3493 .
757 3425 835 3493 008
864 3435 902 3492 ex
935 3429 1056 3494 inedita
1084 3431 1232 3500 Romana
1262 3437 1339 3501 anni
1366 3441 1431 3504 632

285 3536 380 3620 [61.
410 3535 443 3600 L.
471 3535 643 3616 16560,
671 3533 705 3598 P.
733 3533 768 3598 L.
795 3533 838 3599 M.
866 3535 903 3599 Ε.
935 3536 1001 3600 tab.
1024 3536 1099 3602 LVI
1113 3537 1168 3620 OJ:
1205 3543 1334 3626 quando
1364 3567 1431 3611 am·
1478 3571 1480 3576 ·

283 3645 383 3730 biguo
406 3647 482 3707 sunt
509 3640 655 3706 breviata
677 3636 846 3704 FLAOet
869 3638 986 3706 GRAO
1014 3643 1148 3709 nomina
1175 3646 1208 3710 in
1232 3648 1429 3718 Aeclsnensi
1547 3637 1548 3690 3

283 3744 751 3828 1.R.N.1094[o.1.L.
782 3746 858 3811 In.
890 3747 964 3812 554.
992 3749 1071 3832 555·
1104 3749 1331 3822 P.L...ME
1363 3760 1430 3825 tab.

284 3857 340 3923 LV
360 3857 416 3923 Cb
446 3855 524 3937 Db]
554 3855 629 3920 anni
661 3853 807 3919 62566
836 3857 952 3937 quarta
986 3859 1093 3921 aetate
1120 3861 1261 3942 perraris
1289 3865 1432 3932 omissae

285 3965 514 4051 geminationis
544 3961 699 4046 exemplis
730 3959 937 4044 accedunto
939 3961 1106 4029 tdubia
1096 3987 1130 4029 1n
1154 3967 1226 4053 lege
1248 3968 1429 4040 Puteolana

285 4093 495 4101 -.—.---

373 4139 538 4212 *)[cf.u
490 4138 580 4194 lluise
597 4137 685 4192 Rhen
704 4138 725 4190 t
744 4133 846 4202 XIV(
849 4133 946 4190 ultan
928 4137 1094 4209 nX.l.V)p
1114 4147 1173 4197 299.
1212 4143 1241 4198 Ο
1261 4145 1320 4218 W]
1547 4081 1548 4134 t

355 4228 499 4300 ”)[Vide
517 4227 607 4282 Musei
625 4226 712 4280 Rhan.
731 4227 751 4279 t.
771 4223 854 4293 lXp.
876 4231 908 4278 17
927 4225 1056 4298 (iufrap.
1076 4233 1138 4298 232)
1156 4230 1219 4285 adn.
1258 4233 1288 4290 C.
1308 4233 1366 4308 W.]
1547 4203 1548 4358 6

338 4317 395 4386 m)
414 4317 534 4388 [llaecr
520 4319 674 4374 retractata
696 4315 761 4369 sunt
748 4309 846 4368 tibid.
865 4331 893 4384 p.
914 4319 947 4369 le
966 4317 1039 4386 (231)
1057 4335 1097 4387 eq.
1135 4319 1164 4374 C.
1183 4319 1241 4392 W.]

374 4403 711 4476 †)[V1delluse11theu
727 4401 1051 4476 tIXp.160(io.lrap
1067 4411 1118 4461 229
1133 4407 1208 4476 ad.)
1237 4407 1266 4467 C.
1280 4409 1339 4484 W.]
