3216 5082
271 324 338 387 520
506 338 651 386 persons
676 337 903 384 unriureins
925 334 1182 384 uersarenrcna

629 589 938 684 Supplamentum
965 585 1067 684 ΠΙ.*)

608 743 687 813 (uum
707 743 807 798 tabule
825 742 1080 813 lithographs**)).

221 941 258 981 111
361 908 490 974 Novum
526 928 629 992 nuper
664 907 896 972 incrementum
928 909 1076 971 vetustae
1107 905 1296 992 latinitatis,
1336 907 1367 974 lu
1396 929 1424 972 e.
1524 909 1533 930 ⁸

274 1017 341 1082 eius
371 1037 453 1100 quae
481 1015 567 1080 circa
594 1019 743 1098 tempora
769 1014 867 1099 primi
894 1013 973 1078 belli
996 1012 1111 1078 Punici
1139 1013 1215 1098 fuit,
1248 1013 1423 1080 memoriae

229 1127 241 1138 “
275 1145 313 1187 en
337 1144 374 1187 eo
399 1123 496 1187 titulo
520 1122 658 1186 accessit
676 1143 771 1206 quem
794 1120 828 1185 in
848 1120 963 1185 horum
979 1117 1286 1204 supplementorum
1309 1120 1425 1186 tabula

276 1227 326 1294 ΙΙΙ
342 1226 465 1310 [XVII]
486 1228 546 1292 sub
561 1228 593 1292 A
617 1227 931 1311 repraesentavimus
955 1227 996 1292 ad
1015 1227 1197 1312 exemplum
1217 1225 1422 1292 aDominico

276 1334 347 1399 uri.
361 1317 436 1399 ssa'r.
452 1333 490 1398 ue
505 1333 718 1399 aurdanau
731 1333 951 1418 Neapolitano
970 1335 1043 1419 pari
1062 1334 1254 1400 liberalitati
1268 1335 1422 1402 comitare

276 1439 371 1505 nobis
394 1460 590 1504 concessum.
636 1439 739 1515 Quem
763 1439 818 1504 ille
841 1439 973 1505 titulum
996 1461 1068 1506 cum
1091 1440 1126 1505 in
1147 1439 1350 1507 ‘Bullettino'
1374 1464 1422 1507 ar·

277 1545 484 1632 chaeologioo
508 1545 637 1630 Italico,
666 1545 779 1613 solil
807 1569 838 1631 p.
857 1547 910 1631 23,
936 1546 1059 1631 primus
1088 1547 1216 1631 publice
1243 1550 1423 1634 proposuit,

277 1662 347 1720 tum
370 1653 405 1718 in
428 1652 724 1720 ‘Monumentorum
748 1652 954 1719 Calenorum'
977 1654 1062 1720 libro
1086 1654 1259 1740 singulari,
1282 1655 1423 1720 nondum

276 1761 366 1827 foras
385 1761 472 1846 dato,
495 1762 562 1826 aeri
581 1761 785 1827 incidendum
805 1762 929 1826 curavit
947 1761 981 1825 in
999 1761 1064 1826 tab.
1083 1759 1132 1826 ΙΠ
1156 1761 1216 1826 snb
1236 1762 1266 1827 2.
1300 1760 1424 1846 Quippe

277 1868 399 1952 prodiit
421 1867 483 1932 iste
508 1889 547 1934 ex
570 1889 649 1953 agro
668 1867 826 1951 Caleno,
850 1867 924 1932 stilo
944 1866 1118 1951 inscriptus
1137 1867 1283 1933 cistellae
1302 1872 1426 1934 rectan-

278 1974 374 2059 gulae
398 1996 415 2039 e
439 1976 527 2038 terra
549 1979 640 2040 cocta
663 1974 766 2057 fictae,
789 1972 965 2056 inscriptus
986 1975 1094 2037 autem
1114 1977 1189 2039 ante
1208 1977 1373 2040 cocturam
1393 1981 1427 2042 et

278 2081 314 2144 in
341 2079 443 2143 latere
475 2077 604 2164 quidem
638 2078 746 2144 antico
779 2086 950 2163 aperturae
982 2077 1143 2166 apto.***)
1189 2079 1341 2147 Ceterum
1374 2088 1428 2149 sat

280 2185 412 2270 planam
436 2185 604 2251 intellectu
626 2184 873 2268 inscriptionem
896 2185 1011 2250 habes:

538 2311 978 2394 culmorum-ot

537 2432 1146 2502 rapotonis-nouorum

281 2579 301 2644 i.
321 2601 346 2644 e.
370 2577 403 2645 o.
423 2560 616 2644 ernastus
639 2576 671 2644 0.
696 2579 715 2644 r.
734 2579 878 2660 narrans
900 2579 1015 2644 onum
1037 2559 1159 2665 aaa).
1200 2579 1245 2644 nt
1268 2581 1337 2647 erus
1361 2584 1431 2668 qui-

282 2685 355 2750 dem
379 2685 614 2768 declinationis,
637 2706 720 2769 qnae
744 2689 795 2749 ert
817 2682 1011 2768 Apol(l)oms
1035 2706 1112 2749 casu
1135 2684 1253 2768 altero,
1277 2686 1339 2752 hoc
1363 2690 1429 2755 ianr

281 2793 415 2858 tertium
438 2814 476 2856 ex
500 2793 718 2858 monumentis
743 2793 924 2875 exemplum
948 2792 1064 2875 prodit
1087 2795 1216 2876 praeter
1235 2815 1375 2878 eaquae
1394 2797 1431 2861 in

282 2903 453 2983 poetarum
477 2898 736 2982 scriptorumque
759 2897 853 2960 libris
877 2900 1006 2962 servata
1027 2919 1099 2962 cum
1119 2898 1199 2964 alibi
1217 2903 1430 2968 tractavimus

282 3009 353 3069 tum
376 3025 478 3087 nuper
497 3003 666 3088 tetigimus
687 3001 848 3086 Supplem.
868 3001 901 3066 II
923 3025 954 3086 p.
967 3002 1014 3068 lx
1034 3007 1147 3089 [supra
1164 3028 1194 3089 p.
1207 3005 1296 3088 5161.
1318 3043 1355 3054 -
1378 3009 1430 3073 Ad

282 3111 503 3174 litteraturam
536 3113 645 3173 autem
678 3107 763 3191 qnod
796 3108 927 3193 attinet,
958 3110 1078 3188 nimius
1106 3111 1169 3176 fuit
1195 3109 1430 3182 Gnidobaldius

239 3239 406 3290 1vnovam
434 3215 696 3301 singularemque
719 3213 747 3278 Ε
776 3215 905 3280 litterae
932 3217 1069 3300 figuram
1099 3240 1233 3304 eamque
1262 3225 1431 3307 tamquam

286 3348 343 3391 suo
367 3323 523 3409 peculiari
547 3323 616 3387 iure
638 3321 800 3388 fruentem
824 3322 907 3389 hanc
930 3325 1130 3390 constituens
1155 3329 1162 3392 Ι
1170 3325 1199 3396 Ξ.
1244 3327 1314 3393 Nec
1344 3329 1430 3395 enim

286 3433 355 3497 eius
383 3432 506 3516 figurae
534 3430 711 3495 insolentia
738 3431 803 3496 alia
830 3430 955 3496 ratione
984 3433 1141 3503 censenda
1169 3437 1340 3520 astatque
1367 3460 1431 3524 qua

286 3577 499 3588 ——-.—.--——

376 3647 403 3713 Ι1)
424 3640 613 3716 [Prooemium
633 3640 734 3696 Indicis
758 3641 915 3698 scholarum
939 3641 1117 3698 hibernarum
1139 3643 1325 3700 Bonnensium
1345 3663 1430 3702 anno-

287 3752 348 3789 rum
367 3729 617 3788 OIOIOOOOLXIII
635 3735 665 3786 et
682 3729 790 3801 LXIV]

358 3827 401 3893 **)
421 3821 545 3894 [Tabula
572 3821 640 3876 olim
662 3819 728 3876 lruic
751 3819 982 3876 commentationi
1007 3820 1115 3876 adnexa
1137 3839 1210 3877 nunc
1234 3822 1285 3877 sub
1307 3841 1332 3878 n.
1353 3823 1430 3880 xvir

287 3913 389 3970 iterata
407 3913 459 3968 est.
496 3908 524 3965 G.
538 3909 595 3982 W.]

341 4001 400 4072 ***)
419 3999 518 4056 Totius
537 3999 661 4056 cistellae
680 3999 810 4070 figuram,
836 4016 892 4054 uua
914 4017 978 4054 curn
996 4017 1080 4054 mann
1099 4001 1221 4054 humana
1239 4000 1317 4056 euius
1335 4003 1431 4073 palma

289 4091 417 4160 porrecta
434 4087 486 4143 illa
503 4091 623 4158 tenetur,
642 4088 785 4159 eleganter
800 4087 939 4143 coloribus
957 4086 1063 4158 pictam
1081 4087 1160 4144 vides
1179 4088 1207 4143 in
1226 4087 1350 4145 eiusdem
1365 4089 1429 4144 Gui-

288 4177 414 4236 dobaldii
432 4177 489 4233 tab.
508 4177 547 4232 III
561 4178 587 4232 A
608 4178 653 4248 lig.
667 4183 682 4231 2
698 4196 728 4232 ur
748 4193 820 4245 quae
838 4175 907 4230 mihi
925 4176 1023 4230 tabula
1041 4176 1107 4230 dum
1125 4177 1194 4231 haec
1213 4175 1304 4232 scribo
1318 4177 1430 4232 demum

290 4267 462 4340 perofficiose
480 4266 689 4323 tansmittitur.
726 4266 786 4320 Nec
803 4265 978 4320 incommode
997 4265 1031 4319 de
1050 4281 1168 4320 acerra
1186 4264 1311 4334 cogitare
1329 4263 1431 4320 Gnido-

290 4355 416 4412 baldium
443 4359 530 4428 patet
568 4357 698 4412 Ceterum
726 4355 831 4411 servan
854 4356 908 4410 hoc
932 4357 1141 4410 monumentum
1165 4353 1247 4410 hodie
1270 4353 1299 4408 in
1324 4353 1432 4411 ‘museo

290 4445 438 4504 nationali'
459 4446 648 4518 Neapolitano
667 4444 811 4501 sciendum
829 4445 880 4499 eat
