3116 5066
277 367 340 429 102
651 381 800 428 mrvuvs
824 379 1042 428 1111111111.

270 525 408 610 primum
442 523 572 608 quidem
607 523 642 588 in
674 521 753 587 haec
778 521 948 588 SANGTO
972 521 1091 588 FIDIO
1117 519 1215 586 SABI
1239 519 1376 586 PATRI
1404 543 1423 583 a

191 709 197 718 .
270 631 429 697 Fabricio,
477 630 565 706 Quae
594 651 611 694 e
640 629 711 694 sola
734 629 906 713 Pomponii
934 629 1149 712 explanatione
1175 649 1328 694 manasse
1358 649 1423 693 cer-

272 744 343 803 tum
368 740 432 820 est,
454 737 575 820 partim
599 735 766 800 0111115115
788 735 937 800 'versibus
961 739 1198 820 superstructa,
1228 736 1352 820 partim
1376 735 1423 800 eis

272 843 537 928 inscriptionibus
569 843 604 907 in
637 842 754 928 quibus
786 842 874 906 illius
906 842 956 908 dei
990 841 1119 907 Reatini
1150 865 1265 926 reapse
1297 843 1423 908 mentio

272 953 376 1033 fieret,
405 952 442 1013 ut
469 949 554 1032 apud
583 948 757 1014 Gruterum
785 971 816 1033 p.
839 949 896 1034 96,
923 948 957 1032 5,
986 972 1068 1033 quae
1091 949 1292 1015 emendatior
1315 953 1424 1014 exstat

272 1059 306 1126 in
338 1055 564 1140 Descriptione
596 1057 686 1122 urbis
710 1055 832 1120 Romae
856 1055 923 1139 111,
951 1057 971 1120 3
1000 1079 1029 1140 p.
1053 1057 1118 1122 565
1143 1055 1191 1138 [G.
1214 1057 1238 1120 I.
1261 1056 1297 1120 L.
1321 1055 1381 1140 vl,
1407 1059 1421 1120 1

272 1189 302 1229 n.
325 1165 416 1246 5671,
439 1160 1072 1247 smum-SANGO·DEO·F11)10,
1096 1167 1129 1227 et
1152 1187 1182 1248 p.
1204 1163 1257 1248 96,
1281 1165 1301 1227 6
1328 1161 1378 1244 [G.
1401 1163 1424 1228 1.

272 1271 307 1336 L.
331 1270 389 1350 VI,
414 1271 431 1334 1
451 1293 482 1334 11.
501 1269 581 1349 568]
608 1266 792 1333 SANCTO·
808 1266 947 1334 SANGO
959 1303 965 1316 ·
977 1265 1142 1334 SEMONI
1153 1305 1158 1316 ·
1169 1267 1258 1335 DEO
1270 1305 1276 1318 ·
1287 1268 1425 1334 FIDIO:

273 1399 351 1442 nam
374 1375 587 1440 Gruterianae
615 1398 646 1459 p.
674 1375 727 1459 96,
752 1376 772 1438 8
797 1371 938 1440 SANGO
953 1410 959 1422 ·
977 1373 1065 1440 Duo
1089 1375 1222 1440 nomina
1246 1399 1265 1440 5
1289 1375 1424 1460 Ligurio

274 1485 404 1548 demum
427 1483 537 1548 afficta
562 1503 633 1546 csse
657 1481 757 1546 etiam
780 1480 1001 1548 Mommsenus
1026 1485 1138 1548 auctor
1161 1485 1211 1546 est
1237 1479 1328 1548 Stnd
1354 1483 1425 1548 Osc.

275 1589 411 1675 append.
439 1611 469 1673 p.
493 1589 550 1673 51,
580 1589 774 1673 Aquilanam
804 1591 913 1654 autem
936 1587 1069 1654 SABO·
1092 1585 1274 1654 SEMONI·
1291 1588 1423 1654 PATRI

275 1697 481 1763 exhibentem
518 1695 725 1762 subditiciam
755 1717 825 1759 esse
853 1695 936 1759 idem
970 1695 1130 1760 intellexit
1164 1693 1203 1757 dc
1228 1695 1305 1760 dial.
1354 1697 1425 1762 Ital.

275 1829 305 1890 p.
328 1805 392 1870 351
418 1805 455 1886 [Ι.
475 1803 515 1869 Ν.
538 1827 568 1868 1.
587 1803 694 1884 891*].
731 1801 822 1866 Nihil
844 1801 908 1866 nisi
931 1823 1030 1867 unum
1054 1799 1224 1867 SANOTE
1247 1823 1370 1868 nomen
1393 1804 1425 1867 in

275 1913 413 1978 Reatino
437 1911 541 1994 lapide
564 1909 737 1992 Victorius,
760 1907 875 1993 Aldus,
899 1907 1093 1994 Angelottus
1117 1909 1281 1993 legerunt,
1305 1911 1423 1978 lectum

276 2019 403 2084 invenit
431 2017 643 2082 Muratorius:
674 2015 791 2100 quibus
821 2015 969 2080 omnibus
998 2015 1187 2101 diligentior
1214 2015 1258 2100 is,
1286 2017 1340 2082 cui
1369 2039 1425 2082 sua

276 2125 411 2210 Pighius
436 2122 781 2206 resecandorum
805 2122 923 2205 pinxit:
1169 2107 1173 2114 '

414 2230 635 2314 lllllltllttt
814 2227 983 2294 SANGTE

278 2337 338 2403 DE
362 2334 548 2402 DEOVMA
572 2334 734 2400 VICTOR
759 2334 879 2400 TIBEI
901 2334 1058 2401 LVGIVS
1077 2334 1248 2400 MVNIVS
1267 2333 1425 2402 DONVM

278 2468 341 2529 quo
366 2442 563 2529 significavit
591 2445 690 2526 certe,
714 2441 798 2526 quod
827 2442 941 2507 testari
964 2441 1120 2526 Pighium
1143 2441 1302 2508 Gruterus
1336 2444 1425 2524 dicit,

278 2553 396 2618 litteras
426 2550 551 2614 attritus
578 2550 613 2614 15
638 2549 750 2630 fronte.
795 2549 844 2614 Eo
874 2553 982 2615 autem
1005 2550 1040 2613 in
1062 2549 1134 2614 loco
1158 2549 1245 2634 quod
1268 2551 1349 2616 olim
1373 2573 1423 2615 511-

279 2658 401 2723 stitisse
424 2659 584 2740 putemus,
607 2657 642 2721 in
665 2660 817 2740 promptu
842 2660 891 2721 cst
914 2655 1188 2739 simplicissimum
1213 2657 1361 2723 omnium

603 2761 835 2828 HEROVLES
881 2798 887 2810 ·
934 2761 1104 2828 SANGTE

278 2893 355 2934 nam
378 2891 443 2933 non
473 2889 544 2932 esse
567 2867 692 2951 priscae
722 2869 839 2933 aetatis
863 2869 996 2934 Hercule
1019 2870 1172 2954 formam,
1195 2893 1292 2954 quam
1317 2869 1424 2935 Maffei

279 2977 393 3042 titulus
409 2975 539 3040 exhibet
558 2975 640 3041 Mus.
659 2975 778 3040 Veron.
797 2998 826 3059 p.
848 2975 955 3058 248,9
978 2975 1026 3057 [C.
1046 2977 1069 3041 1.
1089 2977 1124 3041 L.
1143 2977 1239 3062 111‚·1
1259 2999 1290 3041 n.
1314 2977 1426 3055 1563]:

749 3081 956 3148 HERCVLE

782 3189 899 3252 TIBI

782 3296 812 3360 V
841 3332 846 3344 ·
878 3295 899 3360 S
1270 3357 1280 3378 ,

224 3430 272 3469 1111
282 3401 463 3487 significavi
487 3400 615 3486 Proleg.
639 3403 672 3467 in
696 3401 805 3468 Plauti
829 3401 918 3467 Trin.
940 3426 971 3487 p.
994 3401 1178 3466 LXXXVII
1202 3425 1247 3487 sq.
1271 3401 1426 3468 Crebrnm

281 3513 389 3574 autem
417 3509 585 3593 praemissi
614 3509 752 3574 vocativi
785 3531 879 3572 usum
911 3509 975 3592 ipsi
1003 3509 1135 3573 Herculi
1168 3509 1305 3574 dedicati
1340 3507 1426 3574 tituli

282 3619 481 3700 monstrant,
514 3619 550 3680 ut
577 3617 612 3680 in
644 3617 879 3701 epigrammate
903 3615 1064 3680 Viscontii
1089 3639 1186 3701 supra
1209 3620 1366 3700 tractato,
1395 3617 1426 3677 51

282 3722 418 3788 senariis
438 3721 584 3786 versibus
605 3721 689 3805 apud
704 3722 859 3786 Orellium
877 3743 906 3786 n.
929 3721 1014 3786 1534
1031 3717 1079 3802 [G.
1094 3721 1117 3787 1.
1133 3721 1167 3785 L.
1181 3721 1238 3805 VI,
1254 3724 1271 3786 1
1287 3719 1425 3806 11.319);

394 3829 541 3914 Argiue
573 3829 700 3894 uictor
732 3829 937 3912 Hercules,
969 3829 1106 3892 donum
1138 3828 1210 3892 hoc
1242 3829 1318 3893 tibi

393 3935 571 4002 Vrbdnus
595 3939 753 4019 praetor
775 3934 1085 4001 Ve'ldumnimius
1108 3935 1258 4000 Iunius:

283 4045 497 4130 elegiacisque
521 4065 551 4108 n.
578 4043 662 4106 1533
687 4039 736 4123 [C.
760 4041 784 4105 l.
808 4041 842 4105 L.
866 4041 922 4125 VI,
949 4046 964 4107 1
990 4066 1019 4108 n.
1043 4043 1140 4124 3161:

349 4149 522 4232 Alcides,
550 4149 650 4214 sacri
674 4148 828 4234 generis
851 4149 980 4232 decus,
1007 4149 1077 4252 hep
1100 4151 1175 4214 tibi
1199 4153 1362 4233 praetor

393 4253 442 4318 Et
463 4254 568 4320 Iouis
593 4243 761 4320 antistes
786 4255 918 4320 dedico
942 4261 1171 4342 perpetuus:

283 4365 316 4426 et
339 4361 422 4446 apud
447 4359 618 4426 Gruterum
641 4385 669 4446 p.
694 4363 746 4446 42,
772 4363 789 4426 ”l
814 4361 874 4448 his,
899 4363 1050 4428 correctis
1069 4364 1103 4428 in
1128 4363 1304 4430 Burmanni
1324 4359 1420 4427 Anth.

284 4467 300 4530 Ι
324 4489 354 4550 p.
378 4465 457 4531 720:
482 4466 657 4552 Alcides,
685 4467 880 4532 hominum
910 4469 1038 4534 uictor
1062 4469 1306 4554 domitorque
1329 4469 1424 4534 iera-
