3216 5082
563 399 840 456 svsnusunurvn
863 401 910 455 111.
1245 379 1309 452 529

167 551 273 636 ipsam
295 547 380 617 Fece
408 549 580 618 lectionem
610 575 667 618 sua
695 551 757 618 fide
786 573 931 617 summae
964 551 998 616 in
1024 550 1086 615 hoc
1114 569 1231 634 genere
1263 549 1314 612 vir

168 658 375 724 auctoritatis
412 658 600 724 firmaverat
636 659 783 744 ayllogae
818 656 1000 723 Orelliauae
1032 660 1055 720 t.
1078 655 1128 720 ΠΙ
1164 679 1194 722 n.
1218 655 1314 720 6436.

166 765 247 830 Post
270 765 399 830 demum
423 771 572 850 coeptum
596 769 647 830 est
670 765 828 848 dubitari,
855 765 982 848 quando
1005 764 1071 828 iam
1093 761 1314 828 Mommsenus

167 867 290 954 (adnot.
320 871 360 934 ad
391 893 421 955 p.
445 869 540 954 boll)
571 872 739 955 quaerenti
772 871 834 936 sibi
866 871 908 937 ab
935 869 1088 935 Henzeno
1120 867 1315 952 rescriptum

167 981 327 1043 memorat
349 977 376 1041 L
398 978 528 1043 litterae
551 983 678 1062 partem
696 977 883 1042 inferiorem
901 999 985 1043 nunc
1004 976 1181 1041 desiderari
1203 979 1316 1054 totam,

168 1084 254 1169 quod
278 1090 387 1149 autem
410 1086 569 1171 reliquum
590 1089 675 1151 essct
693 1085 758 1151 tale
778 1084 929 1150 damnum
948 1105 1090 1168 passum,
1112 1085 1236 1147 uttam
1255 1104 1314 1165 pro

167 1188 194 1252 L
219 1212 316 1275 quam
339 1214 398 1276 pro
422 1191 457 1255 M
480 1192 583 1276 accipi
605 1195 730 1275 posset,
761 1192 824 1256 nisi
852 1191 994 1275 spatium
1023 1189 1170 1255 obstaret
1196 1210 1315 1273 nequa-

123 1351 131 1378 q
168 1319 266 1381 quam
289 1318 391 1382 capax
415 1298 574 1363 secundae
597 1298 725 1362 litterae
748 1297 889 1362 latioris:
918 1317 1016 1380 quare
1040 1299 1108 1359 tam
1132 1294 1195 1360 sibi
1218 1317 1315 1379 quam

167 1403 285 1469 Rossio
316 1404 560 1470 subsistendum
594 1426 663 1470 esse
693 1405 728 1469 in
751 1403 835 1468 Feae
868 1403 1007 1469 lectione
1040 1402 1150 1467 rideri.
1202 1401 1315 1485 Neque

169 1509 265 1574 aliter
292 1511 410 1594 lapidis
437 1511 627 1576 memoriam
650 1509 821 1576 Heraenus
849 1511 918 1595 ipse
948 1509 1108 1594 expressit
1136 1507 1171 1574 0.
1193 1507 1217 1572 I.
1241 1507 1275 1571 L.
1299 1507 1316 1572 I

167 1638 198 1700 p.
212 1617 287 1682 435.
321 1615 384 1682 Sed
397 1623 435 1683 ut
452 1618 504 1701 fit,
526 1618 633 1683 famae
652 1617 768 1682 similis
787 1617 925 1701 suspitio
944 1617 1029 1680 vires
1049 1615 1189 1698 acquirit
1202 1613 1315 1678 eundo.

167 1721 261 1788 Novo
286 1723 371 1788 enim
395 1724 541 1789 examine
560 1745 657 1808 quam
676 1721 958 1807 scrupulosissimo
979 1721 1130 1786 instituto
1148 1721 1213 1785 iam
1228 1717 1315 1784 Hen-

168 1851 265 1894 zenus
285 1831 399 1896 scribit
417 1827 568 1916 (Bullett'
588 1829 608 1893 l.
629 1850 653 1894 s.
673 1851 696 1894 s.
720 1850 750 1912 p.
765 1829 822 1915 60)
846 1851 914 1893 rem
934 1849 1004 1893 esse
1024 1827 1226 1912 perdubiam:
1249 1847 1316 1891 uon

168 1936 285 2002 audere
309 1957 356 2020 sc,
380 1959 452 2002 cum
475 1939 544 2000 tam
567 1935 679 2021 gravia
703 1939 896 2020 argumenta
918 1924 976 2020 pro
997 1935 1062 2002 Gai
1083 1935 1149 2016 filio
1172 1931 1315 1997 Minucio

167 2041 426 2116 Mommseniauo
445 2046 599 2128 pugnent,
622 2042 805 2127 praefracte
823 2065 952 2130 negare,
970 2065 1065 2127 posse
1079 2040 1218 2106 fortasse
1237 2039 1316 2105 olim

169 2147 328 2234 (lpotius
352 2149 499 2234 quamL
528 2149 684 2234 scriptum
711 2147 825 2214 fuisse:
853 2147 1091 2214 concedendum
1120 2171 1192 2214 esse
1219 2146 1316 2212 certis

167 2256 269 2321 talem
287 2256 460 2322 lectionem
478 2255 693 2322 incommodis
712 2255 871 2339 laborare,
888 2277 970 2339 quae
988 2255 1101 2320 definit
1119 2254 1316 2320 accuratius:

169 2363 224 2428 sed
248 2363 300 2428 his
323 2367 433 2428 tamen
457 2362 716 2429 dubitationibus
744 2361 884 2427 fortasse
910 2383 977 2426 non
1005 2383 1075 2426 esse
1098 2360 1235 2424 nimium
1259 2359 1316 2423 tri·

168 2469 344 2554 buendum,
375 2491 447 2534 cum
475 2469 637 2552 perfectae
666 2467 910 2552 aequabilitatis
938 2489 1086 2532 normam
1108 2487 1174 2553 nqn
1197 2465 1316 2548 ubique

169 2581 276 2642 servet
302 2576 447 2661 lapidum
471 2573 731 2660 Capitolinorum
760 2575 928 2657 scriptura.
954 2609 991 2618 -
1018 2571 1174 2638 Fideliter
1202 2569 1317 2634 rettuli

170 2705 252 2768 quae
266 2683 437 2749 Henzenus
461 2685 584 2748 testata
601 2681 692 2747 feeit:
716 2681 801 2746 undo
823 2703 883 2766 pro
907 2702 941 2744 se
965 2701 1048 2744 unus
1071 2677 1216 2762 quisque,
1240 2675 1317 2762 quid

169 2791 375 2876 potissimum
392 2789 590 2874 sequendum
604 2793 707 2872 putet,
726 2787 910 2868 arbitretur,
928 2807 993 2851 nou
1012 2785 1182 2850 immemor
1196 2789 1317 2867 tamen,

170 2899 340 2963 etiamtum
363 2895 574 2981 integriorem
595 2917 691 2980 quam
710 2915 797 2959 nuuc
817 2897 866 2958 est
884 2893 991 2977 ipsum
1008 2893 1150 2978 lapidem
1170 2891 1316 2976 potuisse

170 3029 189 3070 a
212 3005 277 3070 Fea
299 3003 443 3070 tractari.
484 3001 567 3068 Mihi
591 3003 720 3088 quidem
743 3001 782 3066 de
805 3001 929 3066 duabus
953 2999 1050 3066 rebus
1073 3001 1216 3082 constat,
1239 3019 1317 3082 qua-

169 3134 240 3177 rum
269 3111 372 3176 altera
399 3110 439 3175 ad
468 3131 597 3175 sensum
626 3109 785 3194 quendam
818 3107 899 3192 veri,
933 3106 974 3172 ad
1006 3111 1129 3172 certum
1160 3105 1371 3172 iudiciumxn

170 3219 273 3283 altera
305 3217 406 3306 redit.¹
452 3215 578 3301 Quippe
610 3217 649 3280 de
681 3216 746 3280 alio
779 3215 843 3279 nisi
876 3214 914 3279 de
947 3215 1079 3279 consule
1107 3213 1151 3277 M.
1174 3211 1316 3276 Minucio

170 3324 301 3388 omnino
326 3321 534 3405 cogitandum
557 3343 623 3385 non
647 3341 726 3402 esse,
749 3319 782 3383 id
802 3319 930 3403 quidem
953 3319 1162 3383 minimedum
1186 3319 1317 3382 demon-

171 3431 309 3492 stratum
337 3449 407 3492 esse
436 3427 633 3491 confidenter
661 3425 801 3489 affirmo:
835 3425 954 3489 sentire
982 3445 1033 3488 me
1061 3424 1107 3488 sic
1134 3423 1249 3506 fateor,
1281 3426 1318 3486 ut

170 3534 340 3618 aliquanto
364 3533 437 3617 plus
457 3531 698 3617 probabilitatis
716 3529 838 3594 habere
855 3529 899 3594 M.
913 3529 1048 3594 Minucii
1067 3527 1101 3594 C.
1116 3529 1139 3594 f.
1161 3551 1226 3596 non
1246 3552 1318 3596 con-

170 3639 252 3706 sulis
280 3639 474 3704 dictaturam
502 3659 713 3724 perseverem.
760 3635 963 3722 Quamquam
994 3640 1116 3702 certam
1148 3637 1317 3702 scientiam

170 3746 238 3811 reri
261 3745 402 3812 libenter
425 3746 564 3812 concedo
587 3766 686 3831 penes
710 3744 799 3810 solos
822 3743 899 3810 deos
922 3766 1001 3810 esse.

251 4067 290 4134 In
305 4067 415 4133 eadem
431 4068 564 4132 tabula
578 4067 598 4132 Ι
615 4065 703 4149 [XV]
711 4088 808 4152 quam
824 4061 923 4130 subB
939 4065 1180 4148 repraesentavi
1195 4063 1318 4148 speculi

170 4175 290 4245 Cosani
314 4176 559 4260 inscriptionem
579 4169 867 4254 PROSEPNAIS,
890 4171 930 4235 de
953 4191 992 4234 ea
1014 4191 1055 4234 ne
1074 4193 1159 4236 nunc
1179 4169 1317 4257 quidem,

170 4281 264 4348 lectis
283 4305 365 4368 quae
385 4280 621 4347 aMommseuo
636 4278 717 4344 Add.
732 4302 762 4363 p.
775 4277 841 4344 554
860 4276 1114 4342 diversissimam
1138 4277 1172 4341 in
1192 4281 1318 4362 partem

171 4389 293 4473 scripta
307 4393 391 4472 suut,
406 4389 502 4454 aliter
511 4388 617 4454 iudico
629 4391 727 4472 atque
741 4382 942 4469 p.xlv[506
950 4385 1010 4468 sq]
1026 4382 1232 4448 iudicandum
1248 4405 1317 4450 esse

169 4495 326 4560 intellexi.
362 4495 448 4562 Nam
471 4496 527 4561 ille
551 4517 624 4560 cum
648 4515 720 4559 eam
743 4492 883 4558 formam
898 4489 1012 4555 ‘videri
1035 4488 1219 4574 hybridam'
1238 4491 1318 4556 dicit

224 4617 265 4653 ra
285 4617 435 4654 muscarum
455 4619 589 4656 orvscvrn
612 4619 648 4654 rr.
1068 4601 1103 4656 34
