3282 5076
431 401 479 447 na
504 400 684 450 snrvncao
707 401 889 449 nvnionvn
914 401 1130 450 rvsovnsno.
1287 383 1351 448 259
1470 420 1474 426 ·

294 540 375 607 Post
397 540 478 608 haec
502 547 609 609 antem
633 547 782 629 tempora
805 544 843 610 ad
867 543 1047 630 prinoipem
1070 543 1195 608 fontem
1218 543 1249 607 h.
1264 565 1290 607 0.
1310 543 1350 608 ad
1365 561 1398 602 1v

204 646 430 714 Falconerium
460 671 554 716 nemo
584 651 669 735 quod
697 651 797 716 sciam
825 652 972 718 revertit:
1004 651 1068 716 nisi
1100 651 1185 736 quod
1213 651 1352 735 sepulcri

204 754 327 840 figurae
369 779 407 820 ex
444 756 594 822 Kinoheri
631 758 778 842 exemplo
816 758 1004 843 desumptae
1041 757 1268 842 inscriptiones
1310 758 1351 822 ab

204 866 342 947 utroque
369 863 505 947 petitas,
537 863 593 928 sed
625 869 658 930 01
686 863 805 930 mixtas
838 864 1051 931 inconsultius
1081 885 1141 929 nec
1170 887 1243 930 oum
1275 887 1352 929 cura

202 969 418 1053 transcriptas
451 971 590 1035 subiecit
620 975 735 1036 nostra
767 975 874 1036 aetate
904 973 939 1036 in
967 971 1190 1055 Descriptione
1218 970 1352 1036 Tusculi

204 1098 264 1140 sua
285 1078 352 1142 tab.
370 1075 462 1143 XXV
485 1077 666 1143 Ludovicus
686 1074 818 1144 Oanina
854 1077 919 1143 Vni
939 1083 1048 1144 autem
1065 1077 1221 1144 Kirohero
1245 1081 1351 1142 toturn

204 1203 275 1247 sese
302 1183 460 1268 Iosephus
488 1184 620 1250 Rochus
643 1183 783 1270 Vulpius
815 1187 1017 1270 mancipavit
1045 1187 1080 1251 in
1106 1183 1238 1251 Veteris
1264 1183 1352 1250 Latii

204 1289 333 1373 profani
355 1295 446 1356 tomo
460 1289 542 1355 VIII
566 1313 593 1358 a.
616 1291 701 1357 1745
723 1293 869 1377 vulgato,
893 1293 959 1358 tab.
978 1293 1014 1357 9:
1040 1293 1075 1358 in
1099 1314 1136 1358 eo
1160 1296 1286 1358 tantum
1310 1291 1351 1356 ab

203 1395 261 1461 illo
284 1396 449 1462 discedens
472 1399 571 1482 quod,
598 1421 657 1464 sua
683 1404 721 1464 nt
748 1403 883 1484 apparet
910 1401 1095 1465 coniectura
1118 1399 1246 1484 ductus,
1278 1399 1351 1464 nlti-

203 1524 292 1567 mam
314 1503 459 1569 litteram
482 1505 571 1570 tituli
591 1527 613 1588 9
635 1505 753 1571 dubiae
776 1527 846 1572 esse
868 1507 1019 1572 lectionis
1043 1506 1152 1572 dicens
1172 1507 1218 1572 sic
1237 1505 1350 1572 edidit:

201 1607 365 1676 FOVRIO
388 1609 623 1677 M·F·O·N.
664 1611 747 1677 Item
772 1635 789 1676 e
812 1611 963 1677 Kircheri
991 1613 1054 1677 tide
1081 1613 1146 1677 iam
1170 1618 1245 1678 ante
1269 1612 1350 1678 Vul-

42 1703 48 1720 ’
97 1719 107 1736 “
201 1717 291 1801 pium
319 1717 436 1782 Petrus
464 1715 613 1782 Sanctius
641 1717 807 1784 Bartclius
840 1719 1039 1804 pependerat
1070 1719 1105 1784 in
1132 1721 1350 1804 Antiquomm

201 1824 423 1908 sepulcrorum
457 1825 524 1890 sive
551 1823 792 1892 Mausoleorum
819 1825 1040 1892 Romanorum
1073 1825 1350 1912 Etruscorumque

201 1931 288 1997 libro
312 1933 444 1997 01697
469 1931 592 1998 Rornae
615 1933 754 2018 prodito,
784 1955 857 1998 cum
879 1933 1017 1999 Bellorii
1039 1933 1126 2000 notis
1149 1933 1350 1999 brevissimis

202 2039 320 2104 iterato
338 2039 374 2103 in
388 2038 587 2106 Gronoviani
605 2039 763 2106 Thesauri
786 2045 877 2106 tomo
892 2039 970 2106 XII:
995 2041 1051 2106 ubi
1075 2042 1257 2125 sepulcrum
1282 2042 1350 2127 qui·

202 2145 276 2212 dem
289 2168 374 2212 novo
389 2147 535 2231 exemplo
554 2171 574 2212 a
593 2151 696 2213 semet
714 2147 874 2213 delineato
893 2148 1052 2232 expressit
1069 2149 1104 2213 in
1121 2137 1235 2214 tab'nla
1249 2147 1351 2228 XXV,

201 2253 429 2338 inecn'ptiones
462 2257 571 2319 autem
603 2255 638 2319 in
669 2254 817 2340 proxima
853 2254 968 2320 tabula
999 2255 1110 2339 posuit
1141 2277 1161 2320 0
1193 2255 1350 2320 Kirehero

202 2364 364 2446 sumptas,
391 2361 454 2425 hoc
483 2362 553 2427 solo
577 2362 761 2427 discrimine
785 2360 871 2445 quod
898 2360 1022 2426 duabus
1046 2361 1129 2425 arcis
1157 2361 1294 2446 integris
1319 2365 1352 2426 et

202 2467 287 2530 inter
317 2489 351 2532 sc
375 2467 512 2533 diversis
540 2468 655 2534 titulos
679 2467 892 2553 Turpleianos
920 2468 1001 2534 duos
1029 2467 1225 2550 dispertivit.
1270 2466 1351 2532 Post

202 2573 263 2640 hos
292 2573 355 2640 duo
384 2575 447 2640 soli
479 2595 518 2639 ex
550 2575 700 2640 omnibus
731 2574 821 2639 tituli
853 2573 893 2638 ad
920 2573 1120 2657 Raphaelem
1147 2571 1350 2638 Fabrcttinm

201 2687 427 2766 pervenerunt,
450 2681 505 2766 qui
527 2681 623 2747 nobis
648 2685 724 2746 sunt
747 2681 765 2745 1
788 2683 821 2744 01
843 2681 877 2764 01,
899 2679 1022 2763 recepti
1044 2679 1078 2742 in
1102 2678 1190 2745 illius
1214 2701 1283 2764 cap.
1302 2678 1350 2742 III

202 2811 233 2872 p.
254 2789 325 2874 120,
348 2790 388 2854 12
413 2793 446 2854 01
471 2789 521 2854 13.
569 2786 693 2855 Contra
717 2788 757 2853 ab
782 2787 911 2852 Abbate
933 2786 1031 2851 Petro
1056 2784 1207 2851 Polidoro
1230 2786 1349 2850 missos

136 2881 140 2884 ¹
167 2911 170 2916 '
202 2893 349 2960 undecim
371 2895 571 2962 Muratorius
596 2893 761 2982 accepit*)
785 2895 938 2979 nullaque
962 2893 1165 2978 superiorum
1189 2894 1349 2959 editorum

202 3003 364 3067 mentione
387 3001 475 3067 facta
497 3003 676 3086 publicavit
697 3025 728 3086 p.
751 3002 846 3085 1678,
865 3002 884 3066 8
910 3005 943 3066 01
968 3001 1062 3086 1157,
1079 3001 1111 3086 4,
1133 3001 1201 3066 illic
1220 3003 1349 3086 quidem

202 3114 277 3175 octo
296 3109 455 3176 Furianos
478 3131 495 3174 0
515 3108 627 3176 ‘variis
649 3107 762 3192 urnis',
785 3109 965 3192 posteriore
986 3107 1056 3172 loco
1076 3129 1093 3170 0
1113 3105 1229 3172 ‘tribus
1248 3107 1349 3172 urnis'

201 3201 407 3302 I‘urpiliairos
430 3221 507 3281 tres.
543 3215 589 3281 Et
612 3239 651 3280 ex
674 3219 747 3281 octo
771 3215 838 3279 illis
861 3215 959 3299 primi
983 3235 1039 3278 sex
1062 3235 1126 3279 non
1147 3219 1223 3280 sunt
1242 3213 1350 3279 01101-

291 3445 318 3514 *)
337 3444 391 3500 vix
410 3443 484 3499 enim
503 3443 620 3515 dignum
635 3447 793 3500 memoratu
807 3446 859 3514 eet,
878 3443 952 3513 quod
966 3442 1083 3497 immani
1096 3442 1154 3497 sive
1168 3439 1275 3496 fraudis
1290 3443 1348 3498 sIve

202 3535 370 3590 temeritatis
394 3535 521 3604 exempto
544 3535 620 3604 apud
643 3533 762 3590 eundem
785 3532 971 3588 Muratorium
990 3551 1016 3602 p.
1033 3538 1110 3600 1504,
1131 3537 1146 3585 2
1174 3531 1296 3601 quinque
1316 3549 1349 3586 ex

202 3624 259 3679 illis
278 3624 354 3680 tituli
373 3623 402 3678 in
420 3625 493 3680 hanc
512 3625 634 3695 speciem
653 3623 796 3694 coniugati
814 3625 890 3678 sunt:

514 3817 892 3876 L·'I'VRPILIO
929 3753 1076 4068 lvd]

515 3925 1036 3994 (1·Τ1ῙΙ1ΡΙΙοΙοΙμ11

593 4031 892 4088 G·I¹OVRIO
930 4031 1037 4085 An

475 4073 536 4386 ἱ*
593 4137 893 4195 rinuvino
931 4133 1038 4190 (1.9
1073 4071 1078 4248 Ι

514 4249 539 4302 Α
565 4278 571 4290 -
597 4249 618 4302 F
645 4247 667 4302 Ο
691 4247 716 4304 V
742 4249 767 4302 u
792 4247 804 4299 I
828 4247 852 4300 V
878 4245 1072 4382 sss

202 4429 286 4498 idque
310 4427 471 4498 praemissis
493 4426 537 4480 bis
563 4427 668 4482 verbis:
697 4427 741 4482 ‘In
765 4445 832 4498 agro
851 4429 1016 4484 Tusculano.
1055 4429 1096 4484 Ex
1114 4429 1144 4484 P.
1164 4427 1309 4500 Kirohero‚
1334 4449 1350 4486 e

203 4517 264 4573 See.
285 4517 368 4571 lesu.'

1082 4605 1136 4664 ιτ*
