3254 5090
307 381 372 445 432
467 399 504 445 ru
529 397 639 446 nasas
663 397 854 446 vrsnunrnn
878 398 1059 446 nnronmu
1083 397 1289 447 coununrnu
1313 419 1327 438 ·

306 539 502 604 intercedere
534 541 618 604 inter
647 539 727 622 Aqv
756 546 789 606 et
816 541 878 606 AR
909 542 1032 625 potuit:
1070 542 1160 606 cuius
1192 543 1238 606 rei
1271 541 1367 624 plane
1400 562 1453 626 ge-

306 647 438 712 mellum
484 648 666 731 exemplum
712 647 888 713 miliarium
934 647 1015 712 illud
1049 646 1255 731 Popilianum
1299 648 1394 713 offert
1434 671 1454 713 a

306 753 510 820 Mommscno
534 755 657 820 editum
680 755 779 820 Inscr.
802 755 894 840 regni
917 753 1235 840 Neapolitaniomo
1260 753 1309 836 [O.
1331 753 1356 820 l.
1379 754 1415 820 L.
1438 755 1454 820 Ι

307 883 335 924 n.
356 860 451 945 551]‚
478 861 625 945 exemplo
653 861 864 946 lithographo
893 885 912 926 a
939 861 1034 926 nobis
1059 884 1246 946 expressum
1269 863 1303 926 in
1327 860 1453 927 ‘Monu-

306 967 424 1031 mentis
453 957 670 1052 epigrapliicis
698 965 819 1031 tribus'
848 989 932 1031 anno
959 967 1044 1033 1852
1068 967 1223 1052 vulgatis,
1255 967 1374 1031 iterum
1406 989 1452 1031 re·

306 1077 546 1158 praesentatum
569 1073 603 1137 in
628 1071 768 1138 ‘Priscae
791 1073 966 1138 latinitatis
986 1074 1203 1140 monumentis
1222 1071 1454 1158 epigraphicis’

305 1183 417 1247 tabula
445 1180 488 1245 LI
507 1179 548 1245 B.
602 1179 652 1245 Ibi
685 1182 770 1246 enim
802 1181 864 1245 etsi
896 1203 990 1245 versu
1018 1181 1038 1244 9
1068 1177 1455 1244 EIDEM-PRAETOR

306 1293 441 1371 uterque
465 1285 632 1370 edidimus,
654 1289 765 1351 tamen
789 1285 893 1352 denuo
917 1287 1104 1371 scrupulose
1128 1287 1312 1350 examinato
1336 1289 1453 1370 ectypo

306 1393 478 1460 chartaceo
502 1392 587 1456 inter
609 1391 638 1458 E
662 1397 695 1456 et
717 1391 744 1456 T
768 1393 913 1477 litteras,
940 1393 1049 1476 paullo
1078 1394 1200 1459 maiore
1223 1397 1353 1477 praeter
1376 1394 1454 1460 sola

306 1505 376 1565 tum
403 1497 577 1563 intervallo
606 1497 796 1582 disiunctae,
829 1481 939 1564 visum¹
966 1505 1016 1564 est
1046 1499 1254 1564 simulacrum
1281 1498 1298 1564 Ι
1325 1500 1454 1564 litterae

306 1627 471 1692 apparere,
494 1625 560 1669 non
578 1603 610 1668 id
630 1609 697 1670 tam
717 1609 840 1670 eertum
860 1609 892 1670 et
911 1610 1060 1690 apertum
1078 1611 1115 1671 ut
1134 1605 1369 1672 dubitationem
1388 1629 1454 1672 non

306 1713 468 1797 admittat,
492 1711 547 1777 sed
570 1710 655 1776 idem
678 1725 718 1778 ne
742 1717 810 1778 tam
832 1713 928 1778 nihili
952 1713 1081 1798 quidem
1104 1718 1153 1797 ut,
1184 1714 1212 1778 si
1235 1711 1455 1778 PRAEITOR

305 1821 351 1904 (h.
375 1843 400 1886 e.
418 1817 584 1905 prae-itur)
618 1820 843 1904 edidissemus,
876 1820 1018 1904 aliquam
1050 1821 1178 1905 culpam
1211 1817 1454 1906 meteremus.*)

305 1927 344 1993 In
367 1927 508 2012 lapidem
532 1926 633 2011 igitur
656 1926 855 1992 Tolosanum
882 1908 960 1992 num
989 1948 1070 2011 quae
1097 1925 1182 1992 forte
1211 1927 1328 1992 similis
1352 1927 1455 1991 ambi·

306 2033 413 2118 guitas
437 2032 597 2116 ceciderit,
622 2032 715 2098 valde
738 2034 912 2100 dolendum
936 2035 1094 2120 estquod
1117 2057 1202 2100 nunc
1226 2034 1302 2099 seiri
1324 2034 1454 2118 nequit:

307 2139 486 2204 sedetiam
510 2139 635 2204 valdius
659 2141 850 2224 optandum,
877 2144 914 2205 ut
941 2141 1034 2206 novis
1062 2141 1146 2206 curie
1174 2163 1271 2226 quam
1299 2141 1454 2206 acerrime

305 2246 564 2330 pervestigentur
587 2246 699 2329 copiae
722 2245 898 2330 lapidariae
920 2247 1104 2312 academiae
1123 2246 1319 2332 Tolosanae,
1342 2247 1371 2311 si
1390 2270 1455 2332 quo

305 2352 389 2418 forte
413 2352 447 2416 in
471 2351 609 2417 latibulo
635 2351 749 2417 avulsa
775 2352 894 2436 lapidis
923 2353 1107 2436 fragmenta
1130 2357 1265 2418 servent
1313 2353 1402 2429 Quae
1426 2355 1454 2418 ei

305 2459 434 2547 quando
457 2457 652 2543 prodierint,
680 2459 778 2524 etiam
806 2459 844 2524 de
867 2481 1075 2524 numerorum
1103 2459 1191 2524 notis
1215 2459 1351 2526 meliora
1373 2464 1455 2544 puto

305 2566 467 2631 docebunt
500 2587 597 2649 quam
630 2587 712 2650 quae
745 2565 809 2631 sibi
842 2567 930 2631 visus
968 2571 1018 2630 est
1048 2563 1228 2650 Dumegius
1261 2567 1457 2651 conspicere·

306 2671 395 2749 Quae
427 2693 499 2737 cum
531 2670 627 2736 nihili
656 2673 722 2738 sint
752 2695 808 2757 per
838 2695 886 2757 se,
918 2672 1137 2737 adversarium
1171 2675 1278 2736 autem
1310 2673 1456 2738 habeant

253 2779 437 2846 vnMarinii
464 2779 702 2864 testimonium,
736 2803 755 2845 a
783 2802 847 2863 quo
877 2783 909 2846 et
937 2773 975 2844 (Ι)
1001 2783 1034 2844 et
1056 2781 1081 2844 l
1110 2783 1161 2844 sat
1188 2783 1275 2844 recte
1303 2801 1456 2863 expressa

305 2891 381 2952 sunt
403 2887 482 2950 item
506 2886 625 2951 vitiosa
649 2885 734 2970 apud
757 2886 967 2971 Dumegium,
994 2885 1142 2950 dubitare
1164 2885 1231 2950 noli
1255 2890 1333 2971 quin
1355 2885 1456 2952 Meri·

305 2994 378 3058 nius
402 2993 501 3056 etiam
523 2987 556 3073 ᾖ
579 3013 653 3056 vere
677 2993 802 3079 legerit,
825 3013 906 3076 quae
929 2995 1007 3058 uota
1026 2992 1066 3057 ab
1092 2993 1263 3058 usitatiore
1280 2975 1332 3079 dp
1349 2993 1456 3078 figura

305 3099 401 3184 (quae
425 3099 496 3182 ipsa
519 3119 586 3164 non
610 3097 714 3162 defuit
736 3097 877 3164 Marinio
907 3099 942 3162 in
966 3121 1004 3164 ea
1027 3121 1108 3184 quae
1132 3099 1297 3183 praeeedit
1318 3099 1456 3183 inscrip-

305 3206 394 3271 tione
412 3202 698 3290 repreeeentanda)
722 3205 900 3288 paullulum
919 3205 1036 3270 differt.
1064 3204 1110 3269 Vt
1124 3206 1162 3271 de
1176 3205 1350 3271 Nummum
1363 3205 1460 3270 XXI

305 3311 385 3397 (non
407 3311 536 3397 XXII)
559 3311 685 3376 milibus
707 3311 860 3395 LXXII,
888 3311 1005 3396 quibus
1034 3333 1115 3395 opus
1139 3312 1337 3397 constiterit,
1364 3313 1455 3378 nulla

305 3421 400 3486 nobis
427 3421 542 3486 relicta
570 3418 730 3484 dubitatio
759 3419 811 3484 sit.
857 3417 950 3483 Vnde
982 3439 1048 3482 non
1081 3439 1158 3482 sane
1189 3438 1342 3503 magnum
1371 3440 1454 3502 opus

305 3525 417 3609 fuisse,
444 3527 529 3612 quod
553 3531 684 3592 curator
707 3547 865 3610 aquarum
893 3547 910 3590 e
933 3525 1005 3608 lege
1029 3523 1164 3588 Visellia
1190 3524 1247 3588 ille
1271 3523 1454 3590 faciendum

306 3637 441 3717 curavit,
464 3634 604 3699 aliorum
627 3634 661 3698 in
679 3633 741 3698 hoe
761 3653 877 3718 genere
896 3631 1117 3714 exemplorum
1139 3633 1341 3715 comparatio
1360 3631 1455 3696 facile

305 3739 478 3824 persuadet
503 3739 610 3824 [ct-p.
628 3739 717 3820 445].

394 3845 518 3922 Quodsi
541 3845 579 3910 de
602 3849 781 3910 curatore
805 3865 1002 3929 aquarum,
1026 3844 1081 3928 qui
1104 3843 1227 3909 liberae
1250 3844 1454 3928 temporibus

305 3954 524 4038 reipublicae
548 3952 659 4038 fuerit,
686 3951 770 4016 nibil
798 3951 927 4016 aliunde
956 3955 1104 4015 constare
1128 3950 1299 4016 obieceris:
1331 3954 1366 4016 at
1386 3973 1454 4018 non

305 4063 379 4146 plus
403 4061 442 4126 de
465 4061 552 4126 illius
576 4061 693 4125 aetatis
717 4065 895 4125 curatore
923 4059 1072 4124 viarum
1096 4061 1238 4142 constat,
1261 4057 1351 4124 cuius
1374 4059 1454 4124 item

307 4233 518 4241 ---—..—-

395 4329 421 4394 *)
440 4325 586 4396 [Conleras
614 4341 685 4394 quac
709 4325 743 4380 de
772 4325 825 4381 hac
850 4325 940 4379 forma
963 4323 1092 4394 exposuit
1114 4319 1283 4378 Ritschelius
1311 4320 1340 4374 in
1363 4321 1393 4376 P.
1420 4321 1454 4376 L.

306 4413 343 4467 M.
362 4415 394 4469 Ε,
413 4411 509 4468 Enarr.
529 4431 556 4482 p.
571 4421 605 4468 to
625 4417 654 4467 et
674 4420 737 4482 105,
765 4417 795 4468 et
812 4413 901 4467 Musei
921 4411 1009 4466 Rhen.
1030 4413 1049 4466 t.
1069 4411 1146 4464 XXII
1170 4429 1197 4480 p.
1217 4415 1268 4464 ola
1287 4409 1332 4476 (ε
1352 4408 1455 4478 opusc.

305 4497 344 4554 111
363 4519 390 4570 p.
406 4503 475 4568 ⁷26).
514 4501 615 4573 O.W.]
