3216 5082
575 359 858 410 svrrnaunnrvu
883 365 930 410 nr.
1260 349 1326 415 535

179 504 283 568 dicam
308 503 462 588 analogia
485 504 552 569 sive
575 505 729 588 reprobet
751 506 819 570 sive
842 506 1037 572 dissuadeat.
1084 507 1168 584 Quid
1192 509 1325 574 autem?

178 610 268 674 iutra
290 611 389 674 trium
413 611 513 674 ferme
537 613 737 677 saeculorum
757 613 926 679 decursum
950 637 1056 680 nonne
1080 637 1099 679 a
1118 613 1324 680 Graecanicis

178 717 219 781 ad
241 718 365 800 patrios
394 717 471 782 deos
500 717 557 782 alii
585 739 712 802 quoque
745 719 826 784 ritus
854 721 1018 806 peregrini
1046 721 1197 786 translati
1226 722 1323 786 snut?

178 847 219 889 an
238 825 436 889 lectisternia
455 828 488 888 et
501 825 753 909 supplicationes
771 825 858 890 domi
876 828 947 891 nati
966 827 1048 891 ritus
1067 828 1218 892 luerunt?
1243 851 1324 912 quae

177 935 286 996 tamen
310 951 428 1016 genera
451 935 580 996 constat
601 932 772 1016 paullatim
796 933 830 997 in
853 955 1056 1000 communem
1081 935 1205 1000 cultum
1223 935 1323 1001 etiam

178 1037 407 1121 ‘propriorum'
435 1038 567 1104 deorum
590 1039 812 1104 Romanorum
841 1039 976 1105 abiisse:
1004 1041 1043 1106 de
1066 1064 1130 1125 quo
1154 1041 1225 1106 vide
1249 1063 1322 1108 eun·

177 1144 249 1209 dem
273 1143 520 1229 Marquardtum
543 1143 763 1228 disputantem
785 1146 805 1210 l.
825 1167 850 1210 s.
869 1169 894 1211 s.
916 1169 947 1229 p.
966 1147 1010 1211 52
1030 1169 1099 1232 sqq.
1139 1146 1229 1224 Quae
1252 1148 1321 1232 qui-

175 1251 248 1316 dem
280 1251 479 1316 mutationes
511 1273 569 1336 per
596 1271 678 1336 quae
708 1256 741 1316 et
767 1255 951 1336 temporum
979 1253 1154 1318 intervalla
1181 1257 1214 1318 et
1240 1276 1321 1338 quas

176 1379 283 1422 rerum
311 1359 487 1423 varietates
516 1359 688 1442 creverint,
717 1362 785 1424 tarn
813 1360 847 1424 in
875 1360 1012 1425 obscuro
1041 1364 1092 1425 est
1118 1364 1156 1425 ut
1182 1360 1321 1426 nonsit

175 1464 359 1530 mirandum
383 1465 421 1529 de
445 1487 479 1530 re
502 1465 637 1530 minoris
656 1467 813 1532 momenti
837 1469 970 1553 atquae
993 1468 1091 1534 latius
1115 1467 1232 1532 diffusa
1252 1467 1320 1533 lon·

175 1591 279 1656 geque
301 1575 416 1655 patens
439 1572 578 1637 fortasse
601 1595 778 1657 numquam
802 1573 874 1656 fuit,
898 1575 954 1638 sed
971 1574 1093 1660 privati
1113 1573 1320 1657 potissimum

174 1699 252 1742 usus
276 1678 451 1744 artioribus
475 1678 592 1744 finibus
615 1679 872 1762 circumscripta,
895 1679 1001 1762 qualis
1025 1683 1075 1744 est
1097 1679 1211 1744 ieiunii
1229 1680 1320 1763 ritus,

173 1785 256 1850 nihil
280 1786 453 1851 admodum
476 1809 496 1852 a
519 1786 731 1870 scriptoribus
755 1786 919 1870 proditum
942 1807 1012 1851 esse
1036 1785 1219 1851 memoriae.

263 1891 312 1958 De
340 1892 392 1956 his
419 1893 521 1977 igitur
543 1893 802 1958 dubitationibus
828 1915 895 1958 non
918 1893 1102 1978 cogitabam
1126 1914 1197 1957 oum
1222 1915 1319 1977 supra

173 1997 320 2063 dicebam
349 1999 500 2064 lamellae
527 1997 739 2065 Bononiensis
769 2000 1030 2086 supplementum
1058 1999 1318 2086 Garruceianum,

173 2103 259 2187 quod
282 2107 331 2170 est
353 2105 419 2170 tale

451 2245 984 2313 IVNONE·bOVOlNAI

453 2373 602 2438 DIOVIS
616 2407 623 2422 ·
639 2372 810 2438 CASTVD
826 2407 832 2421 ·
847 2372 1036 2438 FAOI'l'VD

171 2555 237 2598 non
259 2535 381 2599 nemini
402 2557 468 2600 noa
492 2535 657 2600 mirationi
678 2537 818 2617 tantum,
842 2533 897 2597 sed
916 2533 1087 2598 offensioni
1106 2533 1219 2598 fuisse:
1243 2557 1316 2617 pos-

172 2661 242 2703 sum
267 2639 382 2703 addere
405 2645 439 2704 et
462 2639 644 2724 suspitioni.
680 2639 765 2704 Nam
789 2639 934 2723 profecto
953 2639 1055 2704 multo
1075 2640 1174 2704 etiam
1194 2640 1316 2704 maiore

171 2729 352 2831 intervallo,
376 2769 473 2830 quam
493 2745 642 2811 aOerere
661 2743 742 2811 Iuno
755 2745 887 2828 Lucina,
911 2745 952 2809 ab
972 2745 1083 2810 eadem
1106 2745 1209 2830 ipsius
1227 2745 1315 2811 Iovis

170 2875 290 2919 numen
321 2853 442 2918 distare
474 2853 643 2918 videbitur.
698 2851 790 2918 Nihil
823 2853 938 2944 saltem
971 2851 1012 2916 ad
1044 2852 1200 2917 ieiunium
1227 2852 1315 2918 Iovis

170 2961 371 3046 probandum
394 2959 524 3026 Horatii
547 2959 654 3026 verbis
678 2960 798 3024 efficies
823 2958 922 3024 Serm.
946 2959 993 3043 II,
1016 2961 1046 3043 3,
1065 2960 1143 3024 291:
1172 2958 1312 3044 ‘Iuppi-

172 3073 230 3132 ter
253 3119 259 3132 .
279 3117 313 3133 ..
336 3068 393 3133 illo
417 3091 510 3135 mane
534 3068 598 3151 die,
629 3089 700 3152 quo
729 3071 769 3132 tu
792 3067 935 3132 indicis
963 3066 1125 3146 ieiunia,
1153 3067 1256 3132 nudus
1279 3068 1314 3132 in

171 3174 281 3238 Tiberi
304 3173 427 3240 stabii?
473 3155 563 3250 Quae
586 3174 653 3238 sive
677 3173 718 3236 ad
741 3172 934 3238 Iudaeorum
958 3173 1068 3238 lovem
1097 3173 1216 3237 referes
1241 3197 1314 3239 oum

170 3281 376 3345 multitudine
405 3281 635 3364 interpretum,
664 3279 732 3344 sive
756 3283 902 3361 spectare
926 3279 967 3342 ad
990 3279 1190 3363 Aegyptium
1214 3281 1313 3344 ritum

170 3385 313 3468 putabis,
335 3385 421 3468 quod
443 3385 544 3450 babet
567 3406 630 3467 quo
654 3382 895 3448 commendetur
917 3387 1046 3468 praeter
1065 3389 1185 3466 cetera,
1208 3387 1243 3447 at
1260 3385 1314 3449 vix

169 3491 245 3554 ullis
268 3489 425 3555 machinis
450 3490 488 3554 de
507 3490 727 3554 Romanorum
746 3488 824 3552 Iove
838 3487 1022 3572 Capitolino
1044 3511 1114 3554 esse
1133 3490 1220 3554 dicta
1243 3513 1313 3573 per·

170 3597 329 3663 suadebis.
365 3597 495 3662 Novum
518 3601 568 3662 est
590 3596 691 3681 igitur
714 3599 747 3660 et
770 3597 951 3664 solitarium
974 3617 1034 3660 neo
1056 3597 1225 3662 commodo
1245 3599 1312 3662 vin-

170 3704 242 3769 culo
266 3726 339 3768 oum
362 3703 462 3768 simili
486 3723 603 3789 genere
623 3704 842 3788 coniunctum,
865 3703 950 3789 quod
970 3703 1199 3769 addiscendum
1218 3705 1312 3769 nobis

170 3812 215 3877 sit
238 3833 276 3876 ex
298 3811 442 3876 incertae
466 3810 603 3895 originis
627 3811 850 3896 supplemento
874 3810 1099 3877 Garrucciano.
1138 3809 1221 3876 Sane
1244 3811 1312 3895 qui-

169 3919 241 3984 dem
263 3918 461 3998 γηράεκομεν
485 3918 545 3982 αἰεὶ
569 3918 676 3982 πολλὰ
699 3918 931 4002 διὸαεκόμενοι,
958 3939 1017 3982 neo
1044 3940 1083 3982 ea
1105 3917 1312 4001 potissimum

169 4050 244 4111 pars
269 4025 472 4110 antiquitatis
490 4024 666 4108 Romanae,
688 4047 771 4109 quae
794 4025 835 4090 ad
858 4024 1032 4109 religiones
1056 4025 1159 4088 etius
1184 4046 1312 4089 sacrum

169 4135 322 4218 pertinet,
349 4155 416 4197 non
437 4133 600 4216 permulta
621 4132 723 4197 habet
747 4132 796 4196 rel
820 4133 957 4197 obscura
983 4131 1079 4196 nobis
1102 4131 1153 4194 vel
1176 4131 1311 4215 occulta,

168 4262 303 4323 quorum
327 4241 377 4306 vel
400 4243 529 4325 praeter
551 4238 825 4322 exspectationem
849 4239 958 4322 aliquo
981 4237 1131 4301 fortunae
1156 4238 1404 4304 beneficioxvnr

167 4349 463 4440 perspiciendorum
492 4367 566 4430 spes
595 4345 651 4412 sit:
680 4345 734 4410 sed
763 4365 800 4410 eo
829 4349 940 4410 tamen
962 4343 1117 4410 intentius
1141 4344 1219 4410 illuc
1241 4367 1311 4410 esse

167 4454 417 4520 incumbendum
441 4455 586 4539 apparet,
608 4457 758 4538 utquam
778 4452 847 4516 fieri
866 4452 972 4536 possit
990 4451 1171 4517 certissime
1191 4451 1230 4518 de
1248 4453 1311 4518 fide
