<?xml version="1.0" encoding="UTF-8"?>
<!DOCTYPE html PUBLIC "-//W3C//DTD XHTML 1.0 Transitional//EN"
    "http://www.w3.org/TR/xhtml1/DTD/xhtml1-transitional.dtd">
<html xmlns="http://www.w3.org/1999/xhtml" xml:lang="en" lang="en">
 <head>
  <title>
</title>
<meta http-equiv="Content-Type" content="text/html;charset=utf-8" />
  <meta name='ocr-system' content='tesseract 3.04.00' />
  <meta name='ocr-capabilities' content='ocr_page ocr_carea ocr_par ocr_line ocrx_word'/>
</head>
<body>
  <div class='ocr_page' id='page_1' title='image "./fridericiritsch08wachgoog/fridericiritsch08wachgoog_0490.png"; bbox 0 0 3216 5082; ppageno 0'>
   <div class='ocr_carea' id='block_1_1' title="bbox 133 421 1326 519">
    <p class='ocr_par' dir='ltr' id='par_1_1' title="bbox 133 421 1326 519">
     <span class='ocr_line' id='line_1_1' title="bbox 133 421 1326 519; baseline -0.008 -23"><span class='ocrx_word' id='word_1_1' title='bbox 133 515 135 519; x_wconf 12' lang='lat' dir='ltr'>v</span> <span class='ocrx_word' id='word_1_2' title='bbox 254 446 302 496; x_wconf 85' lang='lat' dir='ltr'>nn</span> <span class='ocrx_word' id='word_1_3' title='bbox 325 443 590 494; x_wconf 80' lang='lat' dir='ltr'>nnomusmoua</span> <span class='ocrx_word' id='word_1_4' title='bbox 615 442 761 508; x_wconf 82' lang='lat' dir='ltr'>qvnnsrr</span> <span class='ocrx_word' id='word_1_5' title='bbox 784 443 916 492; x_wconf 76' lang='lat' dir='ltr'>unsrun</span> <span class='ocrx_word' id='word_1_6' title='bbox 939 439 1214 491; x_wconf 82' lang='lat' dir='ltr'>asconnrmona.</span> <span class='ocrx_word' id='word_1_7' title='bbox 1259 421 1326 487; x_wconf 82' lang='lat'>465</span> 
     </span>
    </p>
   </div>
   <div class='ocr_carea' id='block_1_2' title="bbox 178 584 1367 2814">
    <p class='ocr_par' dir='ltr' id='par_1_2' title="bbox 180 584 1326 1102">
     <span class='ocr_line' id='line_1_2' title="bbox 182 584 1325 676; baseline -0.004 -23"><span class='ocrx_word' id='word_1_8' title='bbox 182 587 272 676; x_wconf 80' lang='lat' dir='ltr'>Ergo</span> <span class='ocrx_word' id='word_1_9' title='bbox 296 591 341 656; x_wconf 90' lang='lat' dir='ltr'>sic</span> <span class='ocrx_word' id='word_1_10' title='bbox 365 591 473 676; x_wconf 91' lang='lat' dir='ltr'>potius</span> <span class='ocrx_word' id='word_1_11' title='bbox 502 590 723 674; x_wconf 88' lang='lat' dir='ltr'>statuendum,</span> <span class='ocrx_word' id='word_1_12' title='bbox 756 589 797 654; x_wconf 90' lang='lat' dir='ltr'>ab</span> <span class='ocrx_word' id='word_1_13' title='bbox 824 611 890 654; x_wconf 90' lang='lat' dir='ltr'>una</span> <span class='ocrx_word' id='word_1_14' title='bbox 921 586 1096 671; x_wconf 87' lang='lat' dir='ltr'>eademque</span> <span class='ocrx_word' id='word_1_15' title='bbox 1125 584 1226 669; x_wconf 89' lang='lat' dir='ltr'>stirpe</span> <span class='ocrx_word' id='word_1_16' title='bbox 1253 605 1325 667; x_wconf 91' lang='lat' dir='ltr'>pro-</span> 
     </span>
     <span class='ocr_line' id='line_1_3' title="bbox 183 691 1326 785; baseline -0.007 -22"><span class='ocrx_word' id='word_1_17' title='bbox 183 717 326 782; x_wconf 87' lang='lat' dir='ltr'>gressam</span> <span class='ocrx_word' id='word_1_18' title='bbox 346 699 492 785; x_wconf 83' lang='lat' dir='ltr'>linguam</span> <span class='ocrx_word' id='word_1_19' title='bbox 512 698 673 764; x_wconf 89' lang='lat' dir='ltr'>arbitratu</span> <span class='ocrx_word' id='word_1_20' title='bbox 693 719 751 763; x_wconf 89' lang='lat' dir='ltr'>sno</span> <span class='ocrx_word' id='word_1_21' title='bbox 771 695 1014 764; x_wconf 82' lang='lat' dir='ltr'>denominativa</span> <span class='ocrx_word' id='word_1_22' title='bbox 1032 692 1243 780; x_wconf 83' lang='lat' dir='ltr'>progenuisse</span> <span class='ocrx_word' id='word_1_23' title='bbox 1257 691 1326 756; x_wconf 85' lang='lat' dir='ltr'>sive</span> 
     </span>
     <span class='ocr_line' id='line_1_4' title="bbox 183 789 1326 887; baseline -0.003 -19"><span class='ocrx_word' id='word_1_24' title='bbox 183 803 216 869; x_wconf 90' lang='lat' dir='ltr'>in</span> <span class='ocrx_word' id='word_1_25' title='bbox 237 789 343 871; x_wconf 52' lang='lat' dir='ltr'>ariri-s</span> <span class='ocrx_word' id='word_1_26' title='bbox 367 805 435 870; x_wconf 84' lang='lat' dir='ltr'>sive</span> <span class='ocrx_word' id='word_1_27' title='bbox 458 805 493 870; x_wconf 91' lang='lat' dir='ltr'>in</span> <span class='ocrx_word' id='word_1_28' title='bbox 513 789 595 869; x_wconf 57' lang='lat' dir='ltr'>aris</span> <span class='ocrx_word' id='word_1_29' title='bbox 620 805 809 887; x_wconf 76' lang='lat' dir='ltr'><strong>desinentia,</strong></span> <span class='ocrx_word' id='word_1_30' title='bbox 831 803 974 868; x_wconf 90' lang='lat' dir='ltr'>notionis</span> <span class='ocrx_word' id='word_1_31' title='bbox 994 801 1123 885; x_wconf 88' lang='lat' dir='ltr'>quidem</span> <span class='ocrx_word' id='word_1_32' title='bbox 1142 799 1326 865; x_wconf 88' lang='lat' dir='ltr'>discrimine</span> 
     </span>
     <span class='ocr_line' id='line_1_5' title="bbox 180 907 1325 995; baseline -0.003 -20"><span class='ocrx_word' id='word_1_33' title='bbox 180 911 271 976; x_wconf 90' lang='lat' dir='ltr'>nullo</span> <span class='ocrx_word' id='word_1_34' title='bbox 299 914 357 976; x_wconf 88' lang='lat' dir='ltr'>aut</span> <span class='ocrx_word' id='word_1_35' title='bbox 383 931 484 995; x_wconf 83' lang='lat' dir='ltr'>prope</span> <span class='ocrx_word' id='word_1_36' title='bbox 511 909 611 974; x_wconf 90' lang='lat' dir='ltr'>nullo.</span> <span class='ocrx_word' id='word_1_37' title='bbox 661 907 735 974; x_wconf 90' lang='lat' dir='ltr'>Nisi</span> <span class='ocrx_word' id='word_1_38' title='bbox 766 909 851 993; x_wconf 94' lang='lat' dir='ltr'>quod</span> <span class='ocrx_word' id='word_1_39' title='bbox 873 913 984 973; x_wconf 86' lang='lat' dir='ltr'>temen</span> <span class='ocrx_word' id='word_1_40' title='bbox 1007 907 1072 972; x_wconf 91' lang='lat' dir='ltr'>alia</span> <span class='ocrx_word' id='word_1_41' title='bbox 1095 908 1252 993; x_wconf 81' lang='lat' dir='ltr'>quaedam</span> <span class='ocrx_word' id='word_1_42' title='bbox 1276 930 1325 973; x_wconf 89' lang='lat' dir='ltr'>ar·</span> 
     </span>
     <span class='ocr_line' id='line_1_6' title="bbox 180 1014 1112 1102; baseline -0.004 -20"><span class='ocrx_word' id='word_1_43' title='bbox 180 1018 386 1102; x_wconf 85' lang='lat' dir='ltr'>gumentatio</span> <span class='ocrx_word' id='word_1_44' title='bbox 411 1015 548 1100; x_wconf 88' lang='lat' dir='ltr'>accedit,</span> <span class='ocrx_word' id='word_1_45' title='bbox 571 1017 605 1081; x_wconf 95' lang='lat' dir='ltr'>in</span> <span class='ocrx_word' id='word_1_46' title='bbox 630 1039 728 1101; x_wconf 89' lang='lat' dir='ltr'>quam</span> <span class='ocrx_word' id='word_1_47' title='bbox 746 1015 832 1080; x_wconf 89' lang='lat' dir='ltr'>infra</span> <span class='ocrx_word' id='word_1_48' title='bbox 854 1014 975 1079; x_wconf 90' lang='lat' dir='ltr'>incidet</span> <span class='ocrx_word' id='word_1_49' title='bbox 998 1015 1112 1080; x_wconf 90' lang='lat' dir='ltr'>oratio.</span> 
     </span>
    </p>

    <p class='ocr_par' dir='ltr' id='par_1_3' title="bbox 178 1121 1367 2814">
     <span class='ocr_line' id='line_1_7' title="bbox 272 1121 1326 1210; baseline -0.002 -22"><span class='ocrx_word' id='word_1_50' title='bbox 272 1123 378 1208; x_wconf 81' lang='lat' dir='ltr'><strong>Atque</strong></span> <span class='ocrx_word' id='word_1_51' title='bbox 403 1124 481 1190; x_wconf 88' lang='lat' dir='ltr'>haec</span> <span class='ocrx_word' id='word_1_52' title='bbox 505 1122 635 1210; x_wconf 89' lang='lat' dir='ltr'>quidem</span> <span class='ocrx_word' id='word_1_53' title='bbox 657 1145 724 1190; x_wconf 93' lang='lat' dir='ltr'>non</span> <span class='ocrx_word' id='word_1_54' title='bbox 748 1123 868 1188; x_wconf 89' lang='lat' dir='ltr'>oblitus</span> <span class='ocrx_word' id='word_1_55' title='bbox 893 1143 994 1206; x_wconf 90' lang='lat' dir='ltr'>eram,</span> <span class='ocrx_word' id='word_1_56' title='bbox 1018 1122 1074 1186; x_wconf 88' lang='lat' dir='ltr'>sed</span> <span class='ocrx_word' id='word_1_57' title='bbox 1096 1123 1201 1188; x_wconf 89' lang='lat' dir='ltr'>sciens</span> <span class='ocrx_word' id='word_1_58' title='bbox 1221 1121 1326 1187; x_wconf 90' lang='lat' dir='ltr'>omisi.</span> 
     </span>
     <span class='ocr_line' id='line_1_8' title="bbox 183 1229 1326 1314; baseline -0.003 -17"><span class='ocrx_word' id='word_1_59' title='bbox 183 1230 342 1297; x_wconf 89' lang='lat' dir='ltr'>Omittere</span> <span class='ocrx_word' id='word_1_60' title='bbox 374 1234 482 1296; x_wconf 90' lang='lat' dir='ltr'>antem</span> <span class='ocrx_word' id='word_1_61' title='bbox 514 1253 580 1297; x_wconf 93' lang='lat' dir='ltr'>non</span> <span class='ocrx_word' id='word_1_62' title='bbox 612 1230 770 1296; x_wconf 83' lang='lat' dir='ltr'>debebam</span> <span class='ocrx_word' id='word_1_63' title='bbox 802 1233 930 1314; x_wconf 88' lang='lat' dir='ltr'>praeter</span> <span class='ocrx_word' id='word_1_64' title='bbox 961 1229 1063 1295; x_wconf 89' lang='lat' dir='ltr'>alins</span> <span class='ocrx_word' id='word_1_65' title='bbox 1095 1229 1130 1294; x_wconf 90' lang='lat' dir='ltr'>in</span> <span class='ocrx_word' id='word_1_66' title='bbox 1162 1230 1326 1295; x_wconf 75' lang='lat' dir='ltr'>latinitate</span> 
     </span>
     <span class='ocr_line' id='line_1_9' title="bbox 182 1337 1326 1422; baseline 0 -20"><span class='ocrx_word' id='word_1_67' title='bbox 182 1338 296 1403; x_wconf 88' lang='lat' dir='ltr'>relicta</span> <span class='ocrx_word' id='word_1_68' title='bbox 320 1338 462 1404; x_wconf 88' lang='lat' dir='ltr'>eiusdem</span> <span class='ocrx_word' id='word_1_69' title='bbox 481 1339 708 1405; x_wconf 75' lang='lat' dir='ltr'>declinationis</span> <span class='ocrx_word' id='word_1_70' title='bbox 727 1339 790 1403; x_wconf 92' lang='lat' dir='ltr'>duo</span> <span class='ocrx_word' id='word_1_71' title='bbox 810 1339 876 1403; x_wconf 89' lang='lat' dir='ltr'>alia</span> <span class='ocrx_word' id='word_1_72' title='bbox 895 1338 1055 1422; x_wconf 84' lang='lat' dir='ltr'>exempla:</span> <span class='ocrx_word' id='word_1_73' title='bbox 1078 1359 1216 1422; x_wconf 89' lang='lat' dir='ltr'>quorum</span> <span class='ocrx_word' id='word_1_74' title='bbox 1234 1337 1326 1422; x_wconf 89' lang='lat' dir='ltr'>prius</span> 
     </span>
     <span class='ocr_line' id='line_1_10' title="bbox 182 1433 1326 1530; baseline 0 -20"><span class='ocrx_word' id='word_1_75' title='bbox 182 1449 233 1510; x_wconf 89' lang='lat' dir='ltr'>est</span> <span class='ocrx_word' id='word_1_76' title='bbox 261 1445 354 1512; x_wconf 86' lang='lat' dir='ltr'>dine.</span> <span class='ocrx_word' id='word_1_77' title='bbox 400 1443 469 1511; x_wconf 88' lang='lat' dir='ltr'>Nec</span> <span class='ocrx_word' id='word_1_78' title='bbox 496 1446 595 1530; x_wconf 89' lang='lat' dir='ltr'>enim,</span> <span class='ocrx_word' id='word_1_79' title='bbox 624 1467 697 1511; x_wconf 90' lang='lat' dir='ltr'>cum</span> <span class='ocrx_word' id='word_1_80' title='bbox 719 1433 994 1530; x_wconf 69' lang='lat' dir='ltr'>plurali&#39;numero</span> <span class='ocrx_word' id='word_1_81' title='bbox 1019 1445 1056 1508; x_wconf 93' lang='lat' dir='ltr'>di</span> <span class='ocrx_word' id='word_1_82' title='bbox 1088 1447 1121 1508; x_wconf 89' lang='lat' dir='ltr'>et</span> <span class='ocrx_word' id='word_1_83' title='bbox 1147 1444 1205 1509; x_wconf 89' lang='lat' dir='ltr'>dis</span> <span class='ocrx_word' id='word_1_84' title='bbox 1232 1444 1326 1510; x_wconf 91' lang='lat' dir='ltr'>decli-</span> 
     </span>
     <span class='ocr_line' id='line_1_11' title="bbox 181 1551 1367 1638; baseline -0.003 -22"><span class='ocrx_word' id='word_1_85' title='bbox 181 1557 294 1618; x_wconf 88' lang='lat' dir='ltr'>natum</span> <span class='ocrx_word' id='word_1_86' title='bbox 319 1557 382 1636; x_wconf 90' lang='lat' dir='ltr'>est,</span> <span class='ocrx_word' id='word_1_87' title='bbox 409 1551 444 1617; x_wconf 94' lang='lat' dir='ltr'>hi</span> <span class='ocrx_word' id='word_1_88' title='bbox 472 1553 600 1638; x_wconf 91' lang='lat' dir='ltr'>quidem</span> <span class='ocrx_word' id='word_1_89' title='bbox 630 1575 723 1619; x_wconf 90' lang='lat' dir='ltr'>casus</span> <span class='ocrx_word' id='word_1_90' title='bbox 752 1555 926 1637; x_wconf 88' lang='lat' dir='ltr'>potuerunt</span> <span class='ocrx_word' id='word_1_91' title='bbox 953 1575 973 1617; x_wconf 93' lang='lat' dir='ltr'>a</span> <span class='ocrx_word' id='word_1_92' title='bbox 996 1551 1087 1617; x_wconf 88' lang='lat' dir='ltr'>deus</span> <span class='ocrx_word' id='word_1_93' title='bbox 1111 1552 1197 1635; x_wconf 89' lang='lat' dir='ltr'>duci,</span> <span class='ocrx_word' id='word_1_94' title='bbox 1229 1551 1285 1616; x_wconf 92' lang='lat' dir='ltr'>sed</span> <span class='ocrx_word' id='word_1_95' title='bbox 1309 1571 1367 1616; x_wconf 82' lang='lat' dir='ltr'>ess</span> 
     </span>
     <span class='ocr_line' id='line_1_12' title="bbox 182 1657 1327 1744; baseline 0.001 -21"><span class='ocrx_word' id='word_1_96' title='bbox 182 1659 267 1724; x_wconf 90' lang='lat' dir='ltr'>dius</span> <span class='ocrx_word' id='word_1_97' title='bbox 290 1663 477 1744; x_wconf 88' lang='lat' dir='ltr'>manarunt,</span> <span class='ocrx_word' id='word_1_98' title='bbox 500 1660 552 1725; x_wconf 85' lang='lat' dir='ltr'>vel</span> <span class='ocrx_word' id='word_1_99' title='bbox 575 1664 612 1724; x_wconf 89' lang='lat' dir='ltr'>ut</span> <span class='ocrx_word' id='word_1_100' title='bbox 634 1681 720 1725; x_wconf 91' lang='lat' dir='ltr'>nunc</span> <span class='ocrx_word' id='word_1_101' title='bbox 743 1660 843 1724; x_wconf 89' lang='lat' dir='ltr'>etiam</span> <span class='ocrx_word' id='word_1_102' title='bbox 861 1660 980 1723; x_wconf 90' lang='lat' dir='ltr'>rectius</span> <span class='ocrx_word' id='word_1_103' title='bbox 1004 1658 1122 1741; x_wconf 88' lang='lat' dir='ltr'>dicam,</span> <span class='ocrx_word' id='word_1_104' title='bbox 1148 1679 1165 1721; x_wconf 91' lang='lat' dir='ltr'>e</span> <span class='ocrx_word' id='word_1_105' title='bbox 1189 1657 1247 1722; x_wconf 92' lang='lat' dir='ltr'>dis</span> <span class='ocrx_word' id='word_1_106' title='bbox 1271 1681 1327 1724; x_wconf 92' lang='lat' dir='ltr'>no·</span> 
     </span>
     <span class='ocr_line' id='line_1_13' title="bbox 182 1765 1327 1850; baseline -0.001 -21"><span class='ocrx_word' id='word_1_107' title='bbox 182 1766 341 1831; x_wconf 87' lang='lat' dir='ltr'>minativo</span> <span class='ocrx_word' id='word_1_108' title='bbox 365 1765 452 1830; x_wconf 92' lang='lat' dir='ltr'>dius</span> <span class='ocrx_word' id='word_1_109' title='bbox 479 1765 604 1831; x_wconf 85' lang='lat' dir='ltr'>formae</span> <span class='ocrx_word' id='word_1_110' title='bbox 627 1767 739 1832; x_wconf 88' lang='lat' dir='ltr'>eadem</span> <span class='ocrx_word' id='word_1_111' title='bbox 762 1766 890 1832; x_wconf 91' lang='lat' dir='ltr'>ratione</span> <span class='ocrx_word' id='word_1_112' title='bbox 912 1765 1034 1830; x_wconf 88' lang='lat' dir='ltr'>vicario</span> <span class='ocrx_word' id='word_1_113' title='bbox 1059 1785 1124 1850; x_wconf 90' lang='lat' dir='ltr'>qua</span> <span class='ocrx_word' id='word_1_114' title='bbox 1146 1765 1248 1830; x_wconf 89' lang='lat' dir='ltr'>alius</span> <span class='ocrx_word' id='word_1_115' title='bbox 1276 1765 1327 1830; x_wconf 84' lang='lat' dir='ltr'>vel</span> 
     </span>
     <span class='ocr_line' id='line_1_14' title="bbox 182 1869 1327 1957; baseline -0.001 -20"><span class='ocrx_word' id='word_1_116' title='bbox 182 1871 342 1938; x_wconf 79' lang='lat' dir='ltr'>Clodius</span> <span class='ocrx_word' id='word_1_117' title='bbox 366 1873 487 1938; x_wconf 86' lang='lat' dir='ltr'>formas</span> <span class='ocrx_word' id='word_1_118' title='bbox 511 1876 652 1956; x_wconf 87' lang='lat' dir='ltr'>aequant</span> <span class='ocrx_word' id='word_1_119' title='bbox 675 1871 749 1937; x_wconf 90' lang='lat' dir='ltr'>alis</span> <span class='ocrx_word' id='word_1_120' title='bbox 778 1875 811 1936; x_wconf 89' lang='lat' dir='ltr'>et</span> <span class='ocrx_word' id='word_1_121' title='bbox 834 1869 976 1937; x_wconf 83' lang='lat' dir='ltr'>Clodia.</span> <span class='ocrx_word' id='word_1_122' title='bbox 1021 1869 1067 1935; x_wconf 82' lang='lat' dir='ltr'>Et</span> <span class='ocrx_word' id='word_1_123' title='bbox 1090 1869 1174 1936; x_wconf 90' lang='lat' dir='ltr'>dius</span> <span class='ocrx_word' id='word_1_124' title='bbox 1199 1871 1327 1957; x_wconf 90' lang='lat' dir='ltr'>quidem</span> 
     </span>
     <span class='ocr_line' id='line_1_15' title="bbox 182 1978 1327 2066; baseline 0.001 -23"><span class='ocrx_word' id='word_1_125' title='bbox 182 1979 320 2044; x_wconf 89' lang='lat' dir='ltr'>formam</span> <span class='ocrx_word' id='word_1_126' title='bbox 349 1980 430 2045; x_wconf 89' lang='lat' dir='ltr'>satis</span> <span class='ocrx_word' id='word_1_127' title='bbox 457 1982 597 2044; x_wconf 85' lang='lat' dir='ltr'>testatur</span> <span class='ocrx_word' id='word_1_128' title='bbox 624 1979 710 2045; x_wconf 91' lang='lat' dir='ltr'>dius</span> <span class='ocrx_word' id='word_1_129' title='bbox 738 1979 876 2044; x_wconf 89' lang='lat' dir='ltr'>fidius:</span> <span class='ocrx_word' id='word_1_130' title='bbox 909 1979 1037 2066; x_wconf 89' lang='lat' dir='ltr'>quando</span> <span class='ocrx_word' id='word_1_131' title='bbox 1065 1978 1235 2064; x_wconf 85' lang='lat' dir='ltr'>prosodiae</span> <span class='ocrx_word' id='word_1_132' title='bbox 1263 1979 1327 2044; x_wconf 91' lang='lat' dir='ltr'>dis-</span> 
     </span>
     <span class='ocr_line' id='line_1_16' title="bbox 183 2085 1327 2172; baseline 0.002 -23"><span class='ocrx_word' id='word_1_133' title='bbox 183 2087 362 2172; x_wconf 87' lang='lat' dir='ltr'>crepantia,</span> <span class='ocrx_word' id='word_1_134' title='bbox 386 2087 424 2152; x_wconf 88' lang='lat' dir='ltr'>de</span> <span class='ocrx_word' id='word_1_135' title='bbox 448 2085 754 2172; x_wconf 85' lang='lat' dir='ltr'>qnaLachmannus</span> <span class='ocrx_word' id='word_1_136' title='bbox 779 2087 949 2153; x_wconf 87' lang='lat' dir='ltr'>admonuit</span> <span class='ocrx_word' id='word_1_137' title='bbox 971 2087 1006 2152; x_wconf 91' lang='lat' dir='ltr'>in</span> <span class='ocrx_word' id='word_1_138' title='bbox 1029 2085 1123 2152; x_wconf 87' lang='lat' dir='ltr'>Lucr.</span> <span class='ocrx_word' id='word_1_139' title='bbox 1145 2109 1175 2172; x_wconf 89' lang='lat' dir='ltr'>p.</span> <span class='ocrx_word' id='word_1_140' title='bbox 1195 2087 1269 2172; x_wconf 77' lang='lat'>227,</span> <span class='ocrx_word' id='word_1_141' title='bbox 1293 2087 1327 2150; x_wconf 93' lang='lat' dir='ltr'>in</span> 
     </span>
     <span class='ocr_line' id='line_1_17' title="bbox 181 2181 1327 2282; baseline 0 -24"><span class='ocrx_word' id='word_1_142' title='bbox 181 2181 250 2260; x_wconf 81' lang='lat' dir='ltr'>tam</span> <span class='ocrx_word' id='word_1_143' title='bbox 273 2195 411 2260; x_wconf 79' lang='lat' dir='ltr'>vetustis</span> <span class='ocrx_word' id='word_1_144' title='bbox 434 2195 518 2260; x_wconf 89' lang='lat' dir='ltr'>nihil</span> <span class='ocrx_word' id='word_1_145' title='bbox 543 2196 715 2282; x_wconf 91' lang='lat' dir='ltr'>quicquam</span> <span class='ocrx_word' id='word_1_146' title='bbox 739 2199 853 2261; x_wconf 85' lang='lat' dir='ltr'>contra</span> <span class='ocrx_word' id='word_1_147' title='bbox 876 2195 976 2261; x_wconf 83' lang='lat' dir='ltr'>velet:</span> <span class='ocrx_word' id='word_1_148' title='bbox 1007 2195 1065 2260; x_wconf 92' lang='lat' dir='ltr'>dis</span> <span class='ocrx_word' id='word_1_149' title='bbox 1093 2199 1202 2260; x_wconf 87' lang='lat' dir='ltr'>autem</span> <span class='ocrx_word' id='word_1_150' title='bbox 1226 2194 1327 2259; x_wconf 93' lang='lat' dir='ltr'>nomi·</span> 
     </span>
     <span class='ocr_line' id='line_1_18' title="bbox 181 2300 1328 2387; baseline 0 -23"><span class='ocrx_word' id='word_1_151' title='bbox 181 2300 325 2366; x_wconf 84' lang='lat' dir='ltr'>nativum</span> <span class='ocrx_word' id='word_1_152' title='bbox 359 2302 421 2367; x_wconf 90' lang='lat' dir='ltr'>etsi</span> <span class='ocrx_word' id='word_1_153' title='bbox 448 2323 515 2368; x_wconf 89' lang='lat' dir='ltr'>non</span> <span class='ocrx_word' id='word_1_154' title='bbox 542 2302 689 2386; x_wconf 86' lang='lat' dir='ltr'>profecto</span> <span class='ocrx_word' id='word_1_155' title='bbox 718 2303 752 2367; x_wconf 93' lang='lat' dir='ltr'>in</span> <span class='ocrx_word' id='word_1_156' title='bbox 780 2323 818 2367; x_wconf 90' lang='lat' dir='ltr'>eo</span> <span class='ocrx_word' id='word_1_157' title='bbox 847 2323 980 2387; x_wconf 83' lang='lat' dir='ltr'>quaeres</span> <span class='ocrx_word' id='word_1_158' title='bbox 1008 2300 1094 2386; x_wconf 92' lang='lat' dir='ltr'>quod</span> <span class='ocrx_word' id='word_1_159' title='bbox 1122 2305 1172 2366; x_wconf 89' lang='lat' dir='ltr'>est</span> <span class='ocrx_word' id='word_1_160' title='bbox 1203 2300 1253 2365; x_wconf 80' lang='lat' dir='ltr'>bic</span> <span class='ocrx_word' id='word_1_161' title='bbox 1279 2301 1328 2366; x_wconf 80' lang='lat' dir='ltr'>dis</span> 
     </span>
     <span class='ocr_line' id='line_1_19' title="bbox 181 2405 1327 2493; baseline -0.001 -22"><span class='ocrx_word' id='word_1_162' title='bbox 181 2407 274 2472; x_wconf 81' lang='lat' dir='ltr'>baius</span> <span class='ocrx_word' id='word_1_163' title='bbox 302 2410 388 2493; x_wconf 76' lang='lat' dir='ltr'>ditt&#39;s,</span> <span class='ocrx_word' id='word_1_164' title='bbox 421 2431 459 2474; x_wconf 90' lang='lat' dir='ltr'>ac</span> <span class='ocrx_word' id='word_1_165' title='bbox 487 2407 625 2474; x_wconf 84' lang='lat' dir='ltr'>fortasse</span> <span class='ocrx_word' id='word_1_166' title='bbox 655 2431 697 2474; x_wconf 92' lang='lat' dir='ltr'>ne</span> <span class='ocrx_word' id='word_1_167' title='bbox 724 2410 758 2474; x_wconf 93' lang='lat' dir='ltr'>in</span> <span class='ocrx_word' id='word_1_168' title='bbox 788 2409 955 2493; x_wconf 74' lang='lat' dir='ltr'>dispiter</span> <span class='ocrx_word' id='word_1_169' title='bbox 988 2407 1116 2493; x_wconf 90' lang='lat' dir='ltr'>quidem</span> <span class='ocrx_word' id='word_1_170' title='bbox 1147 2405 1327 2493; x_wconf 83' lang='lat' dir='ltr'>(tamqnam</span> 
     </span>
     <span class='ocr_line' id='line_1_20' title="bbox 178 2513 1327 2601; baseline -0.001 -22"><span class='ocrx_word' id='word_1_171' title='bbox 178 2514 351 2601; x_wconf 76' lang='lat' dir='ltr'>ydttcater),</span> <span class='ocrx_word' id='word_1_172' title='bbox 374 2515 460 2599; x_wconf 92' lang='lat' dir='ltr'>quod</span> <span class='ocrx_word' id='word_1_173' title='bbox 484 2513 578 2580; x_wconf 82' lang='lat' dir='ltr'>facile</span> <span class='ocrx_word' id='word_1_174' title='bbox 598 2515 761 2599; x_wconf 81' lang='lat' dir='ltr'>quispiam</span> <span class='ocrx_word' id='word_1_175' title='bbox 785 2515 906 2580; x_wconf 89' lang='lat' dir='ltr'>obiciat</span> <span class='ocrx_word' id='word_1_176' title='bbox 928 2515 1107 2597; x_wconf 71' lang='lat' dir='ltr'>cdcespitcr</span> <span class='ocrx_word' id='word_1_177' title='bbox 1125 2517 1327 2580; x_wconf 88' lang='lat' dir='ltr'>contractum</span> 
     </span>
     <span class='ocr_line' id='line_1_21' title="bbox 183 2621 1328 2707; baseline 0.003 -23"><span class='ocrx_word' id='word_1_178' title='bbox 183 2641 267 2704; x_wconf 87' lang='lat' dir='ltr'>esse,</span> <span class='ocrx_word' id='word_1_179' title='bbox 294 2625 404 2685; x_wconf 88' lang='lat' dir='ltr'>tamen</span> <span class='ocrx_word' id='word_1_180' title='bbox 428 2625 552 2686; x_wconf 88' lang='lat' dir='ltr'>certum</span> <span class='ocrx_word' id='word_1_181' title='bbox 576 2621 630 2686; x_wconf 90' lang='lat' dir='ltr'>ille</span> <span class='ocrx_word' id='word_1_182' title='bbox 653 2621 717 2686; x_wconf 89' lang='lat' dir='ltr'>nisi</span> <span class='ocrx_word' id='word_1_183' title='bbox 740 2621 839 2686; x_wconf 81' lang='lat' dir='ltr'>fallor</span> <span class='ocrx_word' id='word_1_184' title='bbox 866 2623 917 2686; x_wconf 90' lang='lat' dir='ltr'>sni</span> <span class='ocrx_word' id='word_1_185' title='bbox 940 2621 1115 2707; x_wconf 87' lang='lat' dir='ltr'>vestigium</span> <span class='ocrx_word' id='word_1_186' title='bbox 1138 2622 1271 2706; x_wconf 91' lang='lat' dir='ltr'>reliquit</span> <span class='ocrx_word' id='word_1_187' title='bbox 1294 2621 1328 2688; x_wconf 90' lang='lat' dir='ltr'>in</span> 
     </span>
     <span class='ocr_line' id='line_1_22' title="bbox 184 2726 1328 2814; baseline 0.003 -24"><span class='ocrx_word' id='word_1_188' title='bbox 184 2726 337 2792; x_wconf 89' lang='lat' dir='ltr'>diiouis.</span> <span class='ocrx_word' id='word_1_189' title='bbox 382 2727 490 2814; x_wconf 88' lang='lat' dir='ltr'>Magis</span> <span class='ocrx_word' id='word_1_190' title='bbox 515 2728 613 2794; x_wconf 90' lang='lat' dir='ltr'>etiam</span> <span class='ocrx_word' id='word_1_191' title='bbox 638 2729 821 2814; x_wconf 91' lang='lat' dir='ltr'>adpositum</span> <span class='ocrx_word' id='word_1_192' title='bbox 852 2729 893 2794; x_wconf 90' lang='lat' dir='ltr'>ad</span> <span class='ocrx_word' id='word_1_193' title='bbox 920 2729 1162 2814; x_wconf 70' lang='lat' dir='ltr'>persuasionem</span> <span class='ocrx_word' id='word_1_194' title='bbox 1189 2729 1252 2794; x_wconf 89' lang='lat' dir='ltr'>huc</span> <span class='ocrx_word' id='word_1_195' title='bbox 1275 2727 1328 2794; x_wconf 91' lang='lat' dir='ltr'>ad-</span> 
     </span>
    </p>
   </div>
   <div class='ocr_carea' id='block_1_3' title="bbox 182 2880 394 2889">
    <p class='ocr_par' dir='ltr' id='par_1_4' title="bbox 182 2880 394 2889">
     <span class='ocr_line' id='line_1_23' title="bbox 182 2880 394 2889; baseline 0.019 -4"><span class='ocrx_word' id='word_1_196' title='bbox 182 2880 394 2889; x_wconf 51' lang='grc' dir='ltr'>Μῄ-</span> 
     </span>
    </p>
   </div>
   <div class='ocr_carea' id='block_1_4' title="bbox 180 2956 1328 3300">
    <p class='ocr_par' dir='ltr' id='par_1_5' title="bbox 180 2956 1328 3300">
     <span class='ocr_line' id='line_1_24' title="bbox 182 2956 1327 3032; baseline 0.006 -23"><span class='ocrx_word' id='word_1_197' title='bbox 182 2961 259 3012; x_wconf 75' lang='lat' dir='ltr'>atra.</span> <span class='ocrx_word' id='word_1_198' title='bbox 275 2961 346 3013; x_wconf 71' lang='lat' dir='ltr'>alca</span> <span class='ocrx_word' id='word_1_199' title='bbox 361 2956 908 3032; x_wconf 80' lang='lat' dir='ltr'>etGrut991‚11[cl.inl&#39;rap.4&#39;13sq.]:</span> <span class='ocrx_word' id='word_1_200' title='bbox 928 2977 984 3032; x_wconf 89' lang='lat' dir='ltr'>quo</span> <span class='ocrx_word' id='word_1_201' title='bbox 998 2961 1061 3031; x_wconf 86' lang='lat' dir='ltr'>ipra</span> <span class='ocrx_word' id='word_1_202' title='bbox 1071 2959 1141 3016; x_wconf 87' lang='lat' dir='ltr'>adeo</span> <span class='ocrx_word' id='word_1_203' title='bbox 1155 2957 1327 3016; x_wconf 79' lang='lat' dir='ltr'>BARNAES</span> 
     </span>
     <span class='ocr_line' id='line_1_25' title="bbox 182 3044 1327 3122; baseline 0.007 -24"><span class='ocrx_word' id='word_1_204' title='bbox 182 3044 272 3100; x_wconf 81' lang='lat' dir='ltr'>forma</span> <span class='ocrx_word' id='word_1_205' title='bbox 291 3045 401 3102; x_wconf 87' lang='lat' dir='ltr'>accedit</span> <span class='ocrx_word' id='word_1_206' title='bbox 418 3063 433 3102; x_wconf 87' lang='lat' dir='ltr'>a</span> <span class='ocrx_word' id='word_1_207' title='bbox 448 3047 526 3106; x_wconf 87' lang='lat' dir='ltr'>Grut.</span> <span class='ocrx_word' id='word_1_208' title='bbox 541 3055 602 3118; x_wconf 74' lang='lat'>632,</span> <span class='ocrx_word' id='word_1_209' title='bbox 618 3055 631 3102; x_wconf 91' lang='lat'>1</span> <span class='ocrx_word' id='word_1_210' title='bbox 654 3048 695 3121; x_wconf 81' lang='lat' dir='ltr'>[a</span> <span class='ocrx_word' id='word_1_211' title='bbox 712 3051 731 3104; x_wconf 91' lang='lat' dir='ltr'>l.</span> <span class='ocrx_word' id='word_1_212' title='bbox 747 3049 777 3104; x_wconf 83' lang='lat' dir='ltr'>L.</span> <span class='ocrx_word' id='word_1_213' title='bbox 788 3050 864 3118; x_wconf 87' lang='lat' dir='ltr'>v1,1</span> <span class='ocrx_word' id='word_1_214' title='bbox 881 3067 907 3105; x_wconf 91' lang='lat' dir='ltr'>n.</span> <span class='ocrx_word' id='word_1_215' title='bbox 920 3050 1000 3122; x_wconf 78' lang='lat'>1892]</span> <span class='ocrx_word' id='word_1_216' title='bbox 1019 3049 1255 3107; x_wconf 65' lang='lat' dir='ltr'>Msvaoluvs</span> <span class='ocrx_word' id='word_1_217' title='bbox 1266 3081 1272 3094; x_wconf 94' lang='lat'><strong>·</strong></span> <span class='ocrx_word' id='word_1_218' title='bbox 1283 3051 1327 3106; x_wconf 80' lang='lat' dir='ltr'>M·</span> 
     </span>
     <span class='ocr_line' id='line_1_26' title="bbox 181 3132 1328 3210; baseline 0.009 -24"><span class='ocrx_word' id='word_1_219' title='bbox 181 3132 406 3192; x_wconf 81' lang='lat' dir='ltr'><strong>L·BARNAES.</strong></span> <span class='ocrx_word' id='word_1_220' title='bbox 444 3135 619 3208; x_wconf 78' lang='lat' dir='ltr'>Quamquam</span> <span class='ocrx_word' id='word_1_221' title='bbox 642 3155 693 3209; x_wconf 91' lang='lat' dir='ltr'>per</span> <span class='ocrx_word' id='word_1_222' title='bbox 710 3155 741 3194; x_wconf 87' lang='lat' dir='ltr'>ss</span> <span class='ocrx_word' id='word_1_223' title='bbox 763 3138 836 3194; x_wconf 89' lang='lat' dir='ltr'>nihil</span> <span class='ocrx_word' id='word_1_224' title='bbox 854 3156 920 3194; x_wconf 87' lang='lat' dir='ltr'>sanc</span> <span class='ocrx_word' id='word_1_225' title='bbox 938 3137 1111 3210; x_wconf 86' lang='lat' dir='ltr'>impediebat</span> <span class='ocrx_word' id='word_1_226' title='bbox 1133 3140 1280 3210; x_wconf 88' lang='lat' dir='ltr'>quominus</span> <span class='ocrx_word' id='word_1_227' title='bbox 1298 3139 1328 3196; x_wconf 89' lang='lat' dir='ltr'>in</span> 
     </span>
     <span class='ocr_line' id='line_1_27' title="bbox 180 3223 1327 3300; baseline 0.004 -22"><span class='ocrx_word' id='word_1_228' title='bbox 180 3224 264 3294; x_wconf 91' lang='lat' dir='ltr'>Lupii</span> <span class='ocrx_word' id='word_1_229' title='bbox 283 3223 459 3281; x_wconf 86' lang='lat' dir='ltr'>Somascanis</span> <span class='ocrx_word' id='word_1_230' title='bbox 478 3227 639 3298; x_wconf 80' lang='lat' dir='ltr'>genetivum</span> <span class='ocrx_word' id='word_1_231' title='bbox 662 3228 877 3298; x_wconf 84' lang='lat' dir='ltr'>interpretarere</span> <span class='ocrx_word' id='word_1_232' title='bbox 896 3229 1078 3298; x_wconf 75' lang='lat' dir='ltr'><strong>BARNAES,</strong></span> <span class='ocrx_word' id='word_1_233' title='bbox 1103 3231 1217 3300; x_wconf 85' lang='lat' dir='ltr'>quando</span> <span class='ocrx_word' id='word_1_234' title='bbox 1239 3229 1327 3284; x_wconf 90' lang='lat' dir='ltr'>nomi-</span> 
     </span>
    </p>
   </div>
   <div class='ocr_carea' id='block_1_5' title="bbox 89 3313 1327 3387">
    <p class='ocr_par' dir='ltr' id='par_1_6' title="bbox 89 3313 1327 3387">
     <span class='ocr_line' id='line_1_28' title="bbox 89 3313 1327 3387; baseline 0.005 -20"><span class='ocrx_word' id='word_1_235' title='bbox 89 3349 91 3356; x_wconf 43' lang='lat'><em>1</em></span> <span class='ocrx_word' id='word_1_236' title='bbox 181 3313 293 3368; x_wconf 85' lang='lat' dir='ltr'>nativus</span> <span class='ocrx_word' id='word_1_237' title='bbox 307 3315 433 3381; x_wconf 75' lang='lat' dir='ltr'><strong>BARNA</strong></span> <span class='ocrx_word' id='word_1_238' title='bbox 452 3318 544 3370; x_wconf 84' lang='lat' dir='ltr'>exstat</span> <span class='ocrx_word' id='word_1_239' title='bbox 562 3316 582 3370; x_wconf 93' lang='lat'>1.</span> <span class='ocrx_word' id='word_1_240' title='bbox 597 3317 629 3371; x_wconf 88' lang='lat' dir='ltr'>R.</span> <span class='ocrx_word' id='word_1_241' title='bbox 644 3316 679 3370; x_wconf 82' lang='lat' dir='ltr'>N.</span> <span class='ocrx_word' id='word_1_242' title='bbox 694 3321 763 3372; x_wconf 77' lang='lat'>4855</span> <span class='ocrx_word' id='word_1_243' title='bbox 783 3321 813 3372; x_wconf 85' lang='lat' dir='ltr'>et</span> <span class='ocrx_word' id='word_1_244' title='bbox 826 3319 904 3374; x_wconf 84' lang='lat' dir='ltr'>Grut.</span> <span class='ocrx_word' id='word_1_245' title='bbox 920 3324 1011 3385; x_wconf 81' lang='grc'>900,5</span> <span class='ocrx_word' id='word_1_246' title='bbox 1031 3319 1086 3387; x_wconf 84' lang='lat' dir='ltr'>(vel</span> <span class='ocrx_word' id='word_1_247' title='bbox 1105 3319 1206 3374; x_wconf 83' lang='lat' dir='ltr'>Murat.</span> <span class='ocrx_word' id='word_1_248' title='bbox 1223 3325 1327 3387; x_wconf 77' lang='grc' dir='ltr'><strong>1569,δ</strong></span> 
     </span>
    </p>
   </div>
   <div class='ocr_carea' id='block_1_6' title="bbox 181 3401 1327 4734">
    <p class='ocr_par' dir='ltr' id='par_1_7' title="bbox 181 3401 1327 4734">
     <span class='ocr_line' id='line_1_29' title="bbox 183 3401 1327 3476; baseline 0.003 -19"><span class='ocrx_word' id='word_1_249' title='bbox 183 3401 224 3474; x_wconf 86' lang='lat' dir='ltr'>[C.</span> <span class='ocrx_word' id='word_1_250' title='bbox 240 3403 260 3455; x_wconf 94' lang='grc' dir='ltr'>Ι.</span> <span class='ocrx_word' id='word_1_251' title='bbox 276 3401 307 3456; x_wconf 86' lang='lat' dir='ltr'>L.</span> <span class='ocrx_word' id='word_1_252' title='bbox 326 3403 351 3457; x_wconf 96' lang='lat' dir='ltr'>ll</span> <span class='ocrx_word' id='word_1_253' title='bbox 370 3405 506 3476; x_wconf 78' lang='lat' dir='ltr'>n.3282]).</span> <span class='ocrx_word' id='word_1_254' title='bbox 522 3435 555 3444; x_wconf 93' lang='lat'>-</span> <span class='ocrx_word' id='word_1_255' title='bbox 574 3407 604 3459; x_wconf 90' lang='lat' dir='ltr'>P.</span> <span class='ocrx_word' id='word_1_256' title='bbox 622 3411 654 3459; x_wconf 83' lang='lat'>15</span> <span class='ocrx_word' id='word_1_257' title='bbox 670 3405 746 3476; x_wconf 78' lang='lat'>[468]</span> <span class='ocrx_word' id='word_1_258' title='bbox 761 3423 796 3460; x_wconf 91' lang='lat' dir='ltr'>ne</span> <span class='ocrx_word' id='word_1_259' title='bbox 811 3407 937 3476; x_wconf 86' lang='lat' dir='ltr'>captiosa</span> <span class='ocrx_word' id='word_1_260' title='bbox 949 3407 993 3462; x_wconf 87' lang='lat' dir='ltr'>uti</span> <span class='ocrx_word' id='word_1_261' title='bbox 1006 3405 1196 3476; x_wconf 88' lang='lat' dir='ltr'>disputatione</span> <span class='ocrx_word' id='word_1_262' title='bbox 1211 3407 1327 3475; x_wconf 81' lang='lat' dir='ltr'>viderer,</span> 
     </span>
     <span class='ocr_line' id='line_1_30' title="bbox 182 3489 1327 3564; baseline 0.003 -20"><span class='ocrx_word' id='word_1_263' title='bbox 182 3489 319 3545; x_wconf 89' lang='lat' dir='ltr'>debebam</span> <span class='ocrx_word' id='word_1_264' title='bbox 333 3490 384 3546; x_wconf 91' lang='lat' dir='ltr'>illa</span> <span class='ocrx_word' id='word_1_265' title='bbox 398 3491 526 3547; x_wconf 86' lang='lat' dir='ltr'>omittere</span> <span class='ocrx_word' id='word_1_266' title='bbox 541 3509 611 3563; x_wconf 84' lang='lat' dir='ltr'>quac</span> <span class='ocrx_word' id='word_1_267' title='bbox 625 3495 690 3548; x_wconf 87' lang='lat' dir='ltr'>snut</span> <span class='ocrx_word' id='word_1_268' title='bbox 705 3493 823 3548; x_wconf 75' lang='lat' dir='ltr'>Malus</span> <span class='ocrx_word' id='word_1_269' title='bbox 834 3525 840 3538; x_wconf 92' lang='lat'><strong>·</strong></span> <span class='ocrx_word' id='word_1_270' title='bbox 852 3493 1006 3564; x_wconf 73' lang='lat' dir='ltr'>saulem,</span> <span class='ocrx_word' id='word_1_271' title='bbox 1026 3495 1166 3550; x_wconf 83' lang='lat' dir='ltr'><strong>CESVLA</strong></span> <span class='ocrx_word' id='word_1_272' title='bbox 1178 3525 1184 3536; x_wconf 89' lang='lat'><strong>·</strong></span> <span class='ocrx_word' id='word_1_273' title='bbox 1195 3494 1327 3563; x_wconf 76' lang='lat' dir='ltr'>ATILIA,</span> 
     </span>
     <span class='ocr_line' id='line_1_31' title="bbox 182 3579 1325 3652; baseline 0.004 -19"><span class='ocrx_word' id='word_1_274' title='bbox 182 3579 280 3634; x_wconf 73' lang='lat' dir='ltr'>Pota</span> <span class='ocrx_word' id='word_1_275' title='bbox 295 3608 301 3622; x_wconf 93' lang='lat'><strong>·</strong></span> <span class='ocrx_word' id='word_1_276' title='bbox 315 3579 428 3649; x_wconf 80' lang='lat' dir='ltr'>LIVIA,</span> <span class='ocrx_word' id='word_1_277' title='bbox 466 3579 613 3636; x_wconf 77' lang='lat' dir='ltr'>GRAECA</span> <span class='ocrx_word' id='word_1_278' title='bbox 629 3612 634 3624; x_wconf 91' lang='lat'>·</span> <span class='ocrx_word' id='word_1_279' title='bbox 649 3581 852 3652; x_wconf 68' lang='lat' dir='ltr'>veracius,</span> <span class='ocrx_word' id='word_1_280' title='bbox 884 3583 1048 3640; x_wconf 79' lang='lat' dir='ltr'>DERCINA</span> <span class='ocrx_word' id='word_1_281' title='bbox 1062 3613 1068 3626; x_wconf 89' lang='lat'><strong>·</strong></span> <span class='ocrx_word' id='word_1_282' title='bbox 1084 3584 1176 3638; x_wconf 82' lang='lat' dir='ltr'>1le</span> <span class='ocrx_word' id='word_1_283' title='bbox 1178 3583 1325 3638; x_wconf 85' lang='lat' dir='ltr'><strong>ALARIA:</strong></span> 
     </span>
     <span class='ocr_line' id='line_1_32' title="bbox 181 3668 1327 3744; baseline 0.003 -22"><span class='ocrx_word' id='word_1_284' title='bbox 181 3668 211 3722; x_wconf 92' lang='lat' dir='ltr'>in</span> <span class='ocrx_word' id='word_1_285' title='bbox 230 3669 274 3724; x_wconf 91' lang='lat' dir='ltr'>his</span> <span class='ocrx_word' id='word_1_286' title='bbox 293 3669 368 3724; x_wconf 89' lang='lat' dir='ltr'>enim</span> <span class='ocrx_word' id='word_1_287' title='bbox 386 3686 435 3724; x_wconf 91' lang='lat' dir='ltr'>cur</span> <span class='ocrx_word' id='word_1_288' title='bbox 452 3686 509 3725; x_wconf 92' lang='lat' dir='ltr'>non</span> <span class='ocrx_word' id='word_1_289' title='bbox 528 3669 652 3736; x_wconf 79' lang='lat' dir='ltr'>Sllhlcl,</span> <span class='ocrx_word' id='word_1_290' title='bbox 677 3671 791 3741; x_wconf 83' lang='lat' dir='ltr'>ATILI,</span> <span class='ocrx_word' id='word_1_291' title='bbox 815 3673 902 3742; x_wconf 89' lang='lat' dir='ltr'>LIVI,</span> <span class='ocrx_word' id='word_1_292' title='bbox 921 3672 1100 3744; x_wconf 80' lang='lat' dir='ltr'><strong>VATRONI,</strong></span> <span class='ocrx_word' id='word_1_293' title='bbox 1123 3673 1327 3730; x_wconf 81' lang='lat' dir='ltr'>IVANALARI</span> 
     </span>
     <span class='ocr_line' id='line_1_33' title="bbox 182 3757 1326 3834; baseline 0.003 -23"><span class='ocrx_word' id='word_1_294' title='bbox 182 3758 358 3828; x_wconf 84' lang='lat' dir='ltr'>scriberetur,</span> <span class='ocrx_word' id='word_1_295' title='bbox 386 3757 469 3814; x_wconf 75' lang='lat' dir='ltr'>facile</span> <span class='ocrx_word' id='word_1_296' title='bbox 493 3759 594 3815; x_wconf 86' lang='lat' dir='ltr'>dixeris</span> <span class='ocrx_word' id='word_1_297' title='bbox 617 3761 689 3816; x_wconf 87' lang='lat' dir='ltr'>hanc</span> <span class='ocrx_word' id='word_1_298' title='bbox 712 3761 801 3833; x_wconf 87' lang='lat' dir='ltr'>ipsam</span> <span class='ocrx_word' id='word_1_299' title='bbox 829 3779 955 3818; x_wconf 87' lang='lat' dir='ltr'>caussam</span> <span class='ocrx_word' id='word_1_300' title='bbox 980 3763 1080 3834; x_wconf 83' lang='lat' dir='ltr'>luisse,</span> <span class='ocrx_word' id='word_1_301' title='bbox 1106 3779 1142 3819; x_wconf 91' lang='lat' dir='ltr'>ne</span> <span class='ocrx_word' id='word_1_302' title='bbox 1166 3763 1201 3817; x_wconf 90' lang='lat' dir='ltr'>de</span> <span class='ocrx_word' id='word_1_303' title='bbox 1225 3761 1326 3816; x_wconf 86' lang='lat' dir='ltr'>marito</span> 
     </span>
     <span class='ocr_line' id='line_1_34' title="bbox 182 3845 1327 3918; baseline 0.002 -16"><span class='ocrx_word' id='word_1_304' title='bbox 182 3845 355 3918; x_wconf 83' lang='lat' dir='ltr'>cogitaretur</span> <span class='ocrx_word' id='word_1_305' title='bbox 381 3850 413 3902; x_wconf 89' lang='lat' dir='ltr'>ut</span> <span class='ocrx_word' id='word_1_306' title='bbox 440 3847 470 3902; x_wconf 85' lang='lat' dir='ltr'>in</span> <span class='ocrx_word' id='word_1_307' title='bbox 493 3847 778 3907; x_wconf 73' lang='lat' dir='ltr'>ovam-noser.</span> <span class='ocrx_word' id='word_1_308' title='bbox 816 3851 871 3907; x_wconf 85' lang='lat' dir='ltr'>Sed</span> <span class='ocrx_word' id='word_1_309' title='bbox 894 3853 939 3908; x_wconf 86' lang='lat' dir='ltr'>vel</span> <span class='ocrx_word' id='word_1_310' title='bbox 962 3852 1003 3909; x_wconf 87' lang='lat' dir='ltr'>sic</span> <span class='ocrx_word' id='word_1_311' title='bbox 1024 3855 1120 3908; x_wconf 82' lang='lat' dir='ltr'>tamen</span> <span class='ocrx_word' id='word_1_312' title='bbox 1143 3851 1215 3906; x_wconf 92' lang='lat' dir='ltr'>nihil</span> <span class='ocrx_word' id='word_1_313' title='bbox 1240 3851 1274 3904; x_wconf 91' lang='lat' dir='ltr'>de</span> <span class='ocrx_word' id='word_1_314' title='bbox 1297 3850 1327 3904; x_wconf 84' lang='lat' dir='ltr'>vi</span> 
     </span>
     <span class='ocr_line' id='line_1_35' title="bbox 182 3936 1326 4006; baseline 0.002 -14"><span class='ocrx_word' id='word_1_315' title='bbox 182 3936 432 4006; x_wconf 81' lang='lat' dir='ltr'>argumentationis</span> <span class='ocrx_word' id='word_1_316' title='bbox 450 3937 560 3992; x_wconf 89' lang='lat' dir='ltr'>nostrae</span> <span class='ocrx_word' id='word_1_317' title='bbox 580 3937 748 3995; x_wconf 85' lang='lat' dir='ltr'>detrahitur:</span> <span class='ocrx_word' id='word_1_318' title='bbox 768 3958 817 3995; x_wconf 88' lang='lat' dir='ltr'>cur</span> <span class='ocrx_word' id='word_1_319' title='bbox 835 3941 909 3996; x_wconf 86' lang='lat' dir='ltr'>eninr</span> <span class='ocrx_word' id='word_1_320' title='bbox 928 3959 983 3998; x_wconf 91' lang='lat' dir='ltr'>uon</span> <span class='ocrx_word' id='word_1_321' title='bbox 997 3945 1041 3998; x_wconf 86' lang='lat' dir='ltr'>est</span> <span class='ocrx_word' id='word_1_322' title='bbox 1054 3941 1147 3996; x_wconf 77' lang='lat' dir='ltr'>hihltl</span> <span class='ocrx_word' id='word_1_323' title='bbox 1159 3971 1164 3983; x_wconf 93' lang='lat'>·</span> <span class='ocrx_word' id='word_1_324' title='bbox 1176 3939 1326 4006; x_wconf 75' lang='lat' dir='ltr'>snmcln,</span> 
     </span>
     <span class='ocr_line' id='line_1_36' title="bbox 182 4025 1327 4100; baseline 0.002 -21"><span class='ocrx_word' id='word_1_325' title='bbox 182 4025 308 4080; x_wconf 82' lang='lat' dir='ltr'>VEBIDI</span> <span class='ocrx_word' id='word_1_326' title='bbox 319 4055 325 4067; x_wconf 93' lang='lat'><strong>·</strong></span> <span class='ocrx_word' id='word_1_327' title='bbox 335 4025 454 4096; x_wconf 81' lang='lat' dir='ltr'>NVMA,</span> <span class='ocrx_word' id='word_1_328' title='bbox 473 4025 688 4100; x_wconf 75' lang='lat' dir='ltr'><strong>FORTVNALI</strong></span> <span class='ocrx_word' id='word_1_329' title='bbox 700 4029 846 4084; x_wconf 71' lang='lat' dir='ltr'>-nnurn</span> <span class='ocrx_word' id='word_1_330' title='bbox 857 4059 862 4072; x_wconf 93' lang='lat'>·</span> <span class='ocrx_word' id='word_1_331' title='bbox 873 4029 1020 4087; x_wconf 82' lang='grc' dir='ltr'><strong>ΡΙΟΤΙΟΑ</strong></span> <span class='ocrx_word' id='word_1_332' title='bbox 1038 4047 1172 4100; x_wconf 86' lang='lat' dir='ltr'>umquem</span> <span class='ocrx_word' id='word_1_333' title='bbox 1192 4029 1327 4098; x_wconf 86' lang='lat' dir='ltr'>scriptum</span> 
     </span>
     <span class='ocr_line' id='line_1_37' title="bbox 182 4099 1326 4190; baseline 0.002 -21"><span class='ocrx_word' id='word_1_334' title='bbox 182 4115 228 4170; x_wconf 87' lang='lat' dir='ltr'>vel</span> <span class='ocrx_word' id='word_1_335' title='bbox 250 4113 280 4170; x_wconf 90' lang='lat' dir='ltr'>in</span> <span class='ocrx_word' id='word_1_336' title='bbox 303 4099 440 4170; x_wconf 72' lang='lat' dir='ltr'>similibus</span> <span class='ocrx_word' id='word_1_337' title='bbox 464 4115 594 4172; x_wconf 88' lang='lat' dir='ltr'>similiter</span> <span class='ocrx_word' id='word_1_338' title='bbox 616 4116 676 4172; x_wconf 89' lang='lat' dir='ltr'>sine</span> <span class='ocrx_word' id='word_1_339' title='bbox 699 4118 894 4188; x_wconf 86' lang='lat' dir='ltr'>ambiguitatis</span> <span class='ocrx_word' id='word_1_340' title='bbox 917 4120 1010 4190; x_wconf 88' lang='lat' dir='ltr'>specie</span> <span class='ocrx_word' id='word_1_341' title='bbox 1032 4120 1109 4174; x_wconf 82' lang='lat' dir='ltr'>ulla?</span> <span class='ocrx_word' id='word_1_342' title='bbox 1134 4149 1166 4158; x_wconf 95' lang='lat'>-</span> <span class='ocrx_word' id='word_1_343' title='bbox 1193 4117 1225 4172; x_wconf 91' lang='lat' dir='ltr'>In</span> <span class='ocrx_word' id='word_1_344' title='bbox 1243 4117 1326 4172; x_wconf 87' lang='lat' dir='ltr'>Prae·</span> 
     </span>
     <span class='ocr_line' id='line_1_38' title="bbox 181 4203 1325 4278; baseline 0.001 -20"><span class='ocrx_word' id='word_1_345' title='bbox 181 4203 293 4259; x_wconf 81' lang='lat' dir='ltr'>nentina</span> <span class='ocrx_word' id='word_1_346' title='bbox 315 4223 341 4276; x_wconf 88' lang='lat' dir='ltr'>p.</span> <span class='ocrx_word' id='word_1_347' title='bbox 363 4211 395 4260; x_wconf 77' lang='lat'>12</span> <span class='ocrx_word' id='word_1_348' title='bbox 420 4205 499 4278; x_wconf 79' lang='lat'>[455]</span> <span class='ocrx_word' id='word_1_349' title='bbox 523 4205 586 4264; x_wconf 86' lang='lat' dir='ltr'>adn.</span> <span class='ocrx_word' id='word_1_350' title='bbox 613 4210 831 4262; x_wconf 79' lang='lat' dir='ltr'>commemorata</span> <span class='ocrx_word' id='word_1_351' title='bbox 858 4209 933 4264; x_wconf 88' lang='lat' dir='ltr'>haud</span> <span class='ocrx_word' id='word_1_352' title='bbox 962 4208 1019 4264; x_wconf 89' lang='lat' dir='ltr'>scio</span> <span class='ocrx_word' id='word_1_353' title='bbox 1043 4225 1079 4263; x_wconf 90' lang='lat' dir='ltr'>an</span> <span class='ocrx_word' id='word_1_354' title='bbox 1104 4206 1325 4262; x_wconf 54' lang='lat' dir='ltr'>acastum</span> 
     </span>
     <span class='ocr_line' id='line_1_39' title="bbox 183 4291 1326 4368; baseline 0.003 -22"><span class='ocrx_word' id='word_1_355' title='bbox 183 4291 410 4364; x_wconf 83' lang='lat' dir='ltr'>distinguendum</span> <span class='ocrx_word' id='word_1_356' title='bbox 435 4295 472 4350; x_wconf 91' lang='lat' dir='ltr'>sit</span> <span class='ocrx_word' id='word_1_357' title='bbox 494 4295 597 4365; x_wconf 83' lang='lat' dir='ltr'>potius.</span> <span class='ocrx_word' id='word_1_358' title='bbox 625 4327 655 4336; x_wconf 87' lang='lat'><em>-</em></span> <span class='ocrx_word' id='word_1_359' title='bbox 682 4295 837 4352; x_wconf 87' lang='lat' dir='ltr'>Levidensc</span> <span class='ocrx_word' id='word_1_360' title='bbox 856 4297 991 4366; x_wconf 86' lang='lat' dir='ltr'>estquod</span> <span class='ocrx_word' id='word_1_361' title='bbox 1010 4303 1067 4368; x_wconf 75' lang='lat' dir='ltr'>pt</span> <span class='ocrx_word' id='word_1_362' title='bbox 1088 4297 1166 4368; x_wconf 72' lang='lat' dir='ltr'>[sto]</span> <span class='ocrx_word' id='word_1_363' title='bbox 1186 4296 1326 4366; x_wconf 79' lang='lat' dir='ltr'>prolatum</span> 
     </span>
     <span class='ocr_line' id='line_1_40' title="bbox 184 4381 1324 4458; baseline 0.007 -25"><span class='ocrx_word' id='word_1_364' title='bbox 184 4381 342 4438; x_wconf 81' lang='grc' dir='ltr'>ΓΑΛΛΑΤΙ(</span> <span class='ocrx_word' id='word_1_365' title='bbox 363 4401 466 4439; x_wconf 91' lang='lat' dir='ltr'>nomen</span> <span class='ocrx_word' id='word_1_366' title='bbox 492 4383 573 4440; x_wconf 85' lang='lat' dir='ltr'>video</span> <span class='ocrx_word' id='word_1_367' title='bbox 597 4384 699 4440; x_wconf 88' lang='lat' dir='ltr'>rectius</span> <span class='ocrx_word' id='word_1_368' title='bbox 723 4384 831 4441; x_wconf 89' lang='lat' dir='ltr'>Latinis</span> <span class='ocrx_word' id='word_1_369' title='bbox 854 4385 1031 4441; x_wconf 86' lang='lat' dir='ltr'>inserendum</span> <span class='ocrx_word' id='word_1_370' title='bbox 1053 4385 1138 4441; x_wconf 82' lang='lat' dir='ltr'>inisse</span> <span class='ocrx_word' id='word_1_371' title='bbox 1157 4393 1214 4456; x_wconf 76' lang='lat' dir='ltr'>pt</span> <span class='ocrx_word' id='word_1_372' title='bbox 1234 4386 1324 4458; x_wconf 70' lang='lat' dir='ltr'>[tltlr</span> 
     </span>
     <span class='ocr_line' id='line_1_41' title="bbox 183 4467 1326 4545; baseline 0.008 -24"><span class='ocrx_word' id='word_1_373' title='bbox 183 4467 272 4522; x_wconf 88' lang='lat' dir='ltr'>levius</span> <span class='ocrx_word' id='word_1_374' title='bbox 290 4471 375 4527; x_wconf 88' lang='lat' dir='ltr'>etiam</span> <span class='ocrx_word' id='word_1_375' title='bbox 392 4473 468 4544; x_wconf 88' lang='lat' dir='ltr'>quod</span> <span class='ocrx_word' id='word_1_376' title='bbox 487 4473 516 4528; x_wconf 91' lang='lat' dir='ltr'>in</span> <span class='ocrx_word' id='word_1_377' title='bbox 536 4477 552 4529; x_wconf 76' lang='grc' dir='ltr'>ξ</span> <span class='ocrx_word' id='word_1_378' title='bbox 571 4476 592 4528; x_wconf 88' lang='grc' dir='ltr'>Σ</span> <span class='ocrx_word' id='word_1_379' title='bbox 612 4473 643 4543; x_wconf 73' lang='lat' dir='ltr'>C,</span> <span class='ocrx_word' id='word_1_380' title='bbox 662 4473 787 4545; x_wconf 86' lang='lat' dir='ltr'>itemque</span> <span class='ocrx_word' id='word_1_381' title='bbox 806 4475 824 4530; x_wconf 85' lang='grc' dir='ltr'><strong><em>Ε</em></strong></span> <span class='ocrx_word' id='word_1_382' title='bbox 847 4475 866 4530; x_wconf 91' lang='grc' dir='ltr'>Ε</span> <span class='ocrx_word' id='word_1_383' title='bbox 884 4475 981 4531; x_wconf 81' lang='lat' dir='ltr'>formis</span> <span class='ocrx_word' id='word_1_384' title='bbox 1004 4478 1079 4531; x_wconf 82' lang='lat' dir='ltr'>recte</span> <span class='ocrx_word' id='word_1_385' title='bbox 1103 4475 1326 4532; x_wconf 88' lang='lat' dir='ltr'>discriminandis</span> 
     </span>
     <span class='ocr_line' id='line_1_42' title="bbox 182 4555 1076 4637; baseline 0.01 -25"><span class='ocrx_word' id='word_1_386' title='bbox 182 4555 351 4626; x_wconf 86' lang='lat' dir='ltr'>aliquotiens</span> <span class='ocrx_word' id='word_1_387' title='bbox 369 4579 425 4617; x_wconf 89' lang='lat' dir='ltr'>non</span> <span class='ocrx_word' id='word_1_388' title='bbox 443 4563 511 4619; x_wconf 88' lang='lat' dir='ltr'>satis</span> <span class='ocrx_word' id='word_1_389' title='bbox 530 4563 600 4618; x_wconf 89' lang='lat' dir='ltr'>mibi</span> <span class='ocrx_word' id='word_1_390' title='bbox 618 4564 828 4634; x_wconf 82' lang='lat' dir='ltr'>typothetarum</span> <span class='ocrx_word' id='word_1_391' title='bbox 846 4565 898 4620; x_wconf 87' lang='lat' dir='ltr'>filii</span> <span class='ocrx_word' id='word_1_392' title='bbox 915 4567 1076 4637; x_wconf 80' lang='lat' dir='ltr'>paruerunt</span> 
     </span>
     <span class='ocr_line' id='line_1_43' title="bbox 208 4659 1112 4734; baseline 0.008 -28"><span class='ocrx_word' id='word_1_393' title='bbox 208 4727 211 4734; x_wconf 29' lang='grc' dir='ltr'>Ι</span> <span class='ocrx_word' id='word_1_394' title='bbox 236 4666 277 4709; x_wconf 76' lang='lat' dir='ltr'>ra.</span> <span class='ocrx_word' id='word_1_395' title='bbox 292 4667 440 4707; x_wconf 70' lang='lat' dir='ltr'>succensu</span> <span class='ocrx_word' id='word_1_396' title='bbox 455 4671 587 4710; x_wconf 82' lang='lat' dir='ltr'>orvscvna</span> <span class='ocrx_word' id='word_1_397' title='bbox 602 4673 639 4710; x_wconf 80' lang='lat' dir='ltr'>ru.</span> <span class='ocrx_word' id='word_1_398' title='bbox 1078 4659 1112 4716; x_wconf 82' lang='lat'>30</span> 
     </span>
    </p>
   </div>
   <div class='ocr_carea' id='block_1_7' title="bbox 0 0 1612 5082">
    <p class='ocr_par' dir='ltr' id='par_1_8' title="bbox 0 0 1612 5082">
     <span class='ocr_line' id='line_1_44' title="bbox 0 0 1612 5082; baseline 0 0"><span class='ocrx_word' id='word_1_399' title='bbox 0 0 1612 5082; x_wconf 95' lang='lat' dir='ltr'> </span> 
     </span>
    </p>
   </div>
  </div>
 </body>
</html>
