3246 5074
270 393 336 458 570
502 411 644 459 Pnrscnu
668 411 894 458 Lnrlnrrnrls
918 409 1176 458 npissnnrfflosn

548 900 1009 1004 ''Usu-nonaria
1045 899 1082 904 ”

546 1049 1122 1156 &incussissent

271 1325 309 1366 ea
332 1304 388 1367 ubi
411 1309 540 1388 reperta
564 1306 606 1369 sit
629 1305 681 1368 vel
700 1328 763 1390 qua
782 1307 835 1370 vis
853 1305 893 1368 ad
912 1304 1019 1388 ipsum
1037 1304 1177 1388 perlata,
1198 1326 1238 1368 ne
1257 1303 1291 1366 in
1310 1304 1415 1368 altero

271 1409 400 1492 quidem
423 1410 577 1476 fasciculo
597 1409 896 1476 ‘Dissertationum’
917 1435 1062 1495 suarum,
1086 1412 1140 1495 qui
1158 1410 1228 1476 heri
1247 1411 1281 1475 in
1299 1433 1414 1475 manus

271 1537 360 1578 meas
383 1518 543 1602 pervenit,
572 1517 640 1582 ullo
664 1519 763 1582 verbo
787 1517 922 1602 aperuit.
967 1515 1089 1583 Contra
1112 1518 1151 1582 de
1174 1509 1191 1580 l
1213 1517 1330 1602 longae
1353 1541 1412 1582 usu

271 1625 368 1705 atque
392 1626 498 1688 aetate
523 1646 561 1688 ea
583 1629 695 1690 contra
718 1647 768 1689 me
792 1625 938 1708 disputat
956 1648 986 1709 p.
1001 1625 1042 1690 57
1059 1648 1115 1710 sq,
1137 1625 1283 1709 disputat
1306 1629 1414 1688 autem

270 1731 303 1792 et
325 1730 459 1794 calidius
483 1735 516 1796 et
539 1731 747 1814 obstinatius,
771 1754 853 1817 quae
877 1754 949 1796 eum
973 1730 1100 1796 credam
1123 1753 1189 1796 nou
1211 1735 1413 1796 recocturum

269 1835 383 1919 fuisse,
407 1837 434 1902 si
459 1837 593 1923 legisset
615 1839 901 1923 perpendissetque
925 1839 1040 1924 quibus
1064 1861 1136 1902 cum
1159 1838 1233 1903 aliis
1256 1842 1324 1902 tum
1349 1837 1415 1921 ipsi

269 1943 395 2026 pridem
410 1967 601 2029 responsum
616 1944 776 2010 cstMusei
791 1945 851 2010 Rh.
861 1950 884 2008 t.
894 1943 972 2008 XIV
982 1967 1011 2028 p.
1023 1945 1086 2008 298
1099 1946 1210 2028 [supra
1221 1945 1333 2029 p.355]
1344 1966 1415 2028 sqq.

270 2049 334 2113 378
356 2049 447 2130 [382]
459 2072 527 2133 sqq.
551 2051 614 2116 487
632 2053 723 2132 [381]
739 2074 785 2136 sq.
823 2050 909 2115 Olim
929 2050 1103 2134 disputatis
1127 2073 1209 2136 quae
1228 2049 1356 2132 addam,
1379 2049 1415 2114 in

249 2170 421 2240 'praeseus
446 2156 508 2221 duo
532 2157 737 2240 potissimum
761 2158 879 2242 habeo,
907 2179 972 2223 nou
996 2179 1034 2222 ea
1057 2157 1096 2222 ad
1120 2157 1242 2222 liberae
1265 2161 1416 2241 tempora

271 2261 480 2347 reipublicae
498 2263 705 2348 pertinentia,
724 2287 860 2350 quorum
879 2285 930 2328 mc
949 2264 1067 2328 finibus
1086 2267 1174 2328 certo
1194 2263 1329 2330 consilio
1344 2267 1415 2328 tum

270 2369 338 2434 fere
362 2370 518 2454 continui,
547 2369 602 2435 sed
630 2393 702 2434 cum
731 2371 859 2456 longius
883 2375 1001 2456 vagata
1028 2370 1161 2436 licentia
1187 2370 1414 2454 imperatoriae

271 2478 388 2542 aetatis
413 2477 592 2542 coniuncta.
637 2477 781 2542 Primum
806 2477 949 2542 enimin
972 2477 1163 2542 memoriam
1188 2499 1338 2542 revocare
1362 2499 1415 2541 ac-

271 2588 416 2650 curatam
440 2584 594 2650 Guilelmi
619 2583 785 2649 Schmitzii
809 2583 1031 2668 quaestionem
1059 2581 1161 2666 iuvat,
1189 2605 1253 2667 qua
1275 2582 1302 2646 is
1327 2581 1415 2648 ‘stu-

271 2691 396 2756 diorum
420 2691 678 2774 orthotpieorum
703 2693 736 2754 et
755 2689 1079 2773 orthographicomm
1098 2688 1311 2774 Latinorum',
1329 2689 1415 2755 Mar·

271 2797 382 2862 coduri
409 2797 568 2860 editorum
596 2797 740 2881 a.1860,
773 2797 879 2880 capite
907 2796 938 2878 V
966 2796 1201 2863 demonstravit
1228 2819 1311 2861 novo
1339 2818 1415 2862 con-

272 2903 346 2968 silio
380 2895 397 2966 l
430 2903 561 2987 longam
603 2903 633 2966 ei
670 2925 749 2968 sono
787 2903 993 2986 exprimendo
1032 2901 1210 2967 adhibitam
1251 2925 1321 2968 esse
1359 2905 1416 2987 qui

272 3009 412 3073 medium
441 3009 601 3092 quendam
629 3009 715 3074 inter
742 3011 755 3073 i
781 3010 925 3074 vocalem
953 3011 1022 3092 etj
1049 3013 1281 3074 consonantem
1308 3011 1415 3076 locum

272 3116 434 3180 obtineret
456 3116 489 3180 in
512 3115 633 3180 talibus
657 3117 765 3200 qualia
787 3121 864 3181 suut
885 3118 951 3182 eius
972 3118 1074 3180 maior
1098 3116 1205 3180 Troia:
1236 3139 1319 3201 quae
1342 3141 1416 3182 eum

273 3220 385 3288 Cicero
417 3243 490 3286 cum
517 3223 655 3288 Caesare
682 3221 800 3287 EllVS
828 3221 1065 3287 POMPEIIVS
1097 3221 1227 3288 ΜΑΙΙΑ
1258 3221 1418 3288 MAIIOR

272 3329 422 3394 TROIIA
451 3328 633 3395 OOIIVNX
664 3330 870 3414 scripsissent
897 3331 1006 3413 paullo
1035 3329 1216 3412 molestius,
1247 3334 1323 3412 post
1349 3351 1417 3395 non

271 3441 399 3502 tantum
423 3429 525 3502 EIVS
550 3437 711 3522 scriptura
734 3437 884 3519 invaluit,
908 3437 963 3500 sed
985 3458 1069 3516 novo
1091 3440 1259 3519 praeterea
1277 3435 1416 3501 artificio

271 3545 322 3609 vel
345 3535 464 3608 EIIVS
488 3545 538 3609 vel
562 3544 642 3609 adeo
665 3535 785 3608 EHVS
807 3543 930 3607 formae
954 3543 1156 3628 excogitatae
1186 3545 1269 3607 sunt.
1297 3581 1333 3588 -
1360 3542 1417 3607 Al-

272 3655 376 3716 terum
405 3654 466 3733 est,
499 3649 584 3735 quod
611 3649 695 3714 idem
723 3672 774 3713 me
798 3647 990 3714 Schmitzius
1019 3653 1131 3714 monet
1157 3649 1204 3712 eis
1234 3647 1417 3714 addendum

272 3757 371 3823 fuisse
396 3779 477 3842 quae
501 3757 539 3821 de
561 3749 579 3820 Ι
603 3758 719 3844 longae
741 3757 775 3820 in
794 3755 1013 3821 ‘monumento
1036 3755 1221 3840 Ancyrano'
1240 3755 1416 3820 crebritate

219 3883 262 3922 xv
272 3865 339 3929 dixi
362 3864 396 3928 in
415 3887 537 3949 nupera
555 3863 593 3927 de
612 3861 744 3929 tesseris
764 3863 1034 3926 commentatione
1054 3885 1084 3946 p.
1099 3861 1173 3926 339.
1200 3859 1239 3925 In
1258 3863 1416 3946 exemplis

273 3972 359 4036 enim
387 3993 424 4035 ex
453 3971 523 4054 ipso
551 3969 709 4054 principio
737 3969 936 4034 monumenti
964 3968 1032 4033 illic
1060 3969 1317 4033 commemoratis
1341 3991 1416 4034 eum

272 4079 370 4142 etiam
394 4070 579 4142 IMPERIO
608 4076 776 4161 habeatur,
807 4075 870 4141 hoc
898 4079 1006 4140 autem
1034 4075 1226 4139 vocabulum
1254 4075 1415 4141 dubitatio

272 4183 364 4248 nulla
386 4184 430 4249 sit
452 4183 529 4268 quin
552 4183 677 4266 primae
700 4181 843 4266 syllabae
866 4182 1010 4248 vocalem
1033 4181 1164 4246 brevem
1186 4179 1320 4265 habeat,
1350 4205 1417 4247 non

273 4289 339 4356 ullo
367 4290 462 4356 modo
491 4292 636 4377 longam,
668 4289 790 4356 oblitus
819 4313 889 4355 sum
918 4291 956 4354 de
985 4311 1099 4354 caussa
1128 4287 1204 4353 talis
1228 4289 1417 4374 scripturae,

273 4397 363 4462 cuius
391 4419 457 4463 uon
485 4398 654 4463 mediocris
681 4397 715 4462 in
743 4395 919 4463 Caesareae
947 4396 1064 4461 aetatis
1092 4395 1196 4460 titulis
1223 4394 1418 4478 frequentia,

274 4525 337 4571 uno
361 4504 458 4570 verbo
482 4527 622 4570 monere.
667 4501 770 4582 Quam
794 4525 927 4590 prorsus
950 4525 1023 4608 oum
1047 4500 1222 4568 Schmitaio
1247 4503 1417 4568 consentio
