<?xml version="1.0" encoding="UTF-8"?>
<!DOCTYPE html PUBLIC "-//W3C//DTD XHTML 1.0 Transitional//EN"
    "http://www.w3.org/TR/xhtml1/DTD/xhtml1-transitional.dtd">
<html xmlns="http://www.w3.org/1999/xhtml" xml:lang="en" lang="en">
 <head>
  <title>
</title>
<meta http-equiv="Content-Type" content="text/html;charset=utf-8" />
  <meta name='ocr-system' content='tesseract 3.04.00' />
  <meta name='ocr-capabilities' content='ocr_page ocr_carea ocr_par ocr_line ocrx_word'/>
</head>
<body>
  <div class='ocr_page' id='page_1' title='image "./fridericiritsch08wachgoog/fridericiritsch08wachgoog_0062.png"; bbox 0 0 3166 5084; ppageno 0'>
   <div class='ocr_carea' id='block_1_1' title="bbox 429 367 1307 431">
    <p class='ocr_par' dir='ltr' id='par_1_1' title="bbox 429 367 1307 431">
     <span class='ocr_line' id='line_1_1' title="bbox 429 367 1307 431; baseline 0.005 -4"><span class='ocrx_word' id='word_1_1' title='bbox 429 379 530 428; x_wconf 79' lang='lat' dir='ltr'><strong>naurs</strong></span> <span class='ocrx_word' id='word_1_2' title='bbox 554 378 708 426; x_wconf 76' lang='lat' dir='ltr'><strong>nvsrrnn</strong></span> <span class='ocrx_word' id='word_1_3' title='bbox 732 379 816 428; x_wconf 78' lang='lat' dir='ltr'><strong>enas</strong></span> <span class='ocrx_word' id='word_1_4' title='bbox 841 379 1042 428; x_wconf 77' lang='lat' dir='ltr'><strong>evemerus.</strong></span> <span class='ocrx_word' id='word_1_5' title='bbox 1265 367 1307 431; x_wconf 88' lang='lat'><strong>39</strong></span> 
     </span>
    </p>
   </div>
   <div class='ocr_carea' id='block_1_2' title="bbox 20 520 1332 4562">
    <p class='ocr_par' dir='ltr' id='par_1_2' title="bbox 152 520 1332 1463">
     <span class='ocr_line' id='line_1_2' title="bbox 156 520 1308 610; baseline 0.003 -22"><span class='ocrx_word' id='word_1_6' title='bbox 156 523 263 588; x_wconf 82' lang='lat' dir='ltr'><strong>nitate</strong></span> <span class='ocrx_word' id='word_1_7' title='bbox 293 523 494 590; x_wconf 89' lang='lat' dir='ltr'><strong>ornatissimi</strong></span> <span class='ocrx_word' id='word_1_8' title='bbox 522 522 680 588; x_wconf 89' lang='lat' dir='ltr'><strong>beneficio</strong></span> <span class='ocrx_word' id='word_1_9' title='bbox 703 520 906 590; x_wconf 77' lang='lat' dir='ltr'><strong>Mrcnnnms</strong></span> <span class='ocrx_word' id='word_1_10' title='bbox 929 521 1046 588; x_wconf 77' lang='lat' dir='ltr'><strong>Loruz</strong></span> <span class='ocrx_word' id='word_1_11' title='bbox 1070 527 1239 610; x_wconf 89' lang='lat' dir='ltr'><strong>acceptum</strong></span> <span class='ocrx_word' id='word_1_12' title='bbox 1261 550 1308 592; x_wconf 78' lang='lat' dir='ltr'><strong>re</strong></span> 
     </span>
     <span class='ocr_line' id='line_1_3' title="bbox 157 630 1309 716; baseline 0.004 -22"><span class='ocrx_word' id='word_1_13' title='bbox 157 631 252 714; x_wconf 88' lang='lat' dir='ltr'><strong>ferre,</strong></span> <span class='ocrx_word' id='word_1_14' title='bbox 277 653 389 696; x_wconf 89' lang='lat' dir='ltr'><strong>museo</strong></span> <span class='ocrx_word' id='word_1_15' title='bbox 407 630 575 697; x_wconf 83' lang='lat' dir='ltr'><strong>Parmensi</strong></span> <span class='ocrx_word' id='word_1_16' title='bbox 597 653 685 696; x_wconf 86' lang='lat' dir='ltr'><strong>nunc</strong></span> <span class='ocrx_word' id='word_1_17' title='bbox 702 631 865 716; x_wconf 86' lang='lat' dir='ltr'><strong>praefecti,</strong></span> <span class='ocrx_word' id='word_1_18' title='bbox 887 630 1010 696; x_wconf 87' lang='lat' dir='ltr'><strong>laudati</strong></span> <span class='ocrx_word' id='word_1_19' title='bbox 1030 653 1049 696; x_wconf 86' lang='lat' dir='ltr'><strong>a</strong></span> <span class='ocrx_word' id='word_1_20' title='bbox 1067 653 1102 697; x_wconf 86' lang='lat' dir='ltr'><strong>se</strong></span> <span class='ocrx_word' id='word_1_21' title='bbox 1120 633 1185 698; x_wconf 84' lang='lat' dir='ltr'><strong>iam</strong></span> <span class='ocrx_word' id='word_1_22' title='bbox 1204 632 1309 700; x_wconf 91' lang='lat' dir='ltr'><strong>Musei</strong></span> 
     </span>
     <span class='ocr_line' id='line_1_4' title="bbox 155 737 1308 825; baseline 0.003 -21"><span class='ocrx_word' id='word_1_23' title='bbox 155 737 309 804; x_wconf 82' lang='lat' dir='ltr'><strong>Rhenaui</strong></span> <span class='ocrx_word' id='word_1_24' title='bbox 341 739 419 804; x_wconf 84' lang='lat' dir='ltr'><strong>nori</strong></span> <span class='ocrx_word' id='word_1_25' title='bbox 447 741 470 803; x_wconf 91' lang='lat' dir='ltr'><strong>t.</strong></span> <span class='ocrx_word' id='word_1_26' title='bbox 497 737 545 804; x_wconf 88' lang='lat' dir='ltr'><strong>VI</strong></span> <span class='ocrx_word' id='word_1_27' title='bbox 567 761 598 823; x_wconf 92' lang='lat' dir='ltr'><strong>p.</strong></span> <span class='ocrx_word' id='word_1_28' title='bbox 625 739 702 804; x_wconf 86' lang='lat'>100:</span> <span class='ocrx_word' id='word_1_29' title='bbox 730 738 884 804; x_wconf 88' lang='lat' dir='ltr'><strong>donatum</strong></span> <span class='ocrx_word' id='word_1_30' title='bbox 912 739 945 803; x_wconf 91' lang='lat' dir='ltr'><strong>id</strong></span> <span class='ocrx_word' id='word_1_31' title='bbox 973 739 1103 825; x_wconf 91' lang='lat' dir='ltr'><strong>quidem</strong></span> <span class='ocrx_word' id='word_1_32' title='bbox 1131 740 1194 804; x_wconf 88' lang='lat' dir='ltr'><strong>sibi</strong></span> <span class='ocrx_word' id='word_1_33' title='bbox 1221 763 1308 808; x_wconf 86' lang='lat' dir='ltr'><strong>anuo</strong></span> 
     </span>
     <span class='ocr_line' id='line_1_5' title="bbox 158 845 1308 932; baseline 0.003 -22"><span class='ocrx_word' id='word_1_34' title='bbox 158 847 239 911; x_wconf 83' lang='lat'>1841</span> <span class='ocrx_word' id='word_1_35' title='bbox 270 849 305 912; x_wconf 89' lang='lat' dir='ltr'><strong>et</strong></span> <span class='ocrx_word' id='word_1_36' title='bbox 331 845 512 910; x_wconf 71' lang='lat' dir='ltr'>liberaliter</span> <span class='ocrx_word' id='word_1_37' title='bbox 538 847 732 931; x_wconf 89' lang='lat' dir='ltr'><strong>permissum</strong></span> <span class='ocrx_word' id='word_1_38' title='bbox 760 846 794 910; x_wconf 91' lang='lat' dir='ltr'><strong>in</strong></span> <span class='ocrx_word' id='word_1_39' title='bbox 822 845 950 912; x_wconf 85' lang='lat' dir='ltr'><strong>futurae</strong></span> <span class='ocrx_word' id='word_1_40' title='bbox 973 847 1125 912; x_wconf 83' lang='lat' dir='ltr'><strong>editionis</strong></span> <span class='ocrx_word' id='word_1_41' title='bbox 1148 869 1257 932; x_wconf 87' lang='lat' dir='ltr'><strong>usum,</strong></span> <span class='ocrx_word' id='word_1_42' title='bbox 1280 849 1308 913; x_wconf 89' lang='lat' dir='ltr'><strong>si</strong></span> 
     </span>
     <span class='ocr_line' id='line_1_6' title="bbox 155 951 1307 1040; baseline 0.003 -24"><span class='ocrx_word' id='word_1_43' title='bbox 155 953 206 1016; x_wconf 89' lang='lat' dir='ltr'><strong>cui</strong></span> <span class='ocrx_word' id='word_1_44' title='bbox 231 951 502 1018; x_wconf 87' lang='lat' dir='ltr'><strong>Germanicarum</strong></span> <span class='ocrx_word' id='word_1_45' title='bbox 534 975 641 1018; x_wconf 89' lang='lat' dir='ltr'><strong>rerum</strong></span> <span class='ocrx_word' id='word_1_46' title='bbox 674 953 816 1018; x_wconf 89' lang='lat' dir='ltr'><strong>rationes</strong></span> <span class='ocrx_word' id='word_1_47' title='bbox 850 955 955 1040; x_wconf 88' lang='lat' dir='ltr'><strong>magis</strong></span> <span class='ocrx_word' id='word_1_48' title='bbox 988 977 1085 1040; x_wconf 87' lang='lat' dir='ltr'><strong>quam</strong></span> <span class='ocrx_word' id='word_1_49' title='bbox 1118 952 1307 1020; x_wconf 83' lang='lat' dir='ltr'><strong>Italicarum</strong></span> 
     </span>
     <span class='ocr_line' id='line_1_7' title="bbox 154 1056 1307 1146; baseline 0.004 -25"><span class='ocrx_word' id='word_1_50' title='bbox 154 1057 314 1123; x_wconf 79' lang='lat' dir='ltr'><strong>faverent</strong></span> <span class='ocrx_word' id='word_1_51' title='bbox 359 1056 457 1122; x_wconf 91' lang='lat' dir='ltr'><strong>Haud</strong></span> <span class='ocrx_word' id='word_1_52' title='bbox 494 1079 591 1144; x_wconf 86' lang='lat' dir='ltr'><strong>aegro</strong></span> <span class='ocrx_word' id='word_1_53' title='bbox 629 1083 649 1124; x_wconf 88' lang='lat' dir='ltr'><strong>a</strong></span> <span class='ocrx_word' id='word_1_54' title='bbox 687 1057 854 1123; x_wconf 87' lang='lat' dir='ltr'><strong>carissimo</strong></span> <span class='ocrx_word' id='word_1_55' title='bbox 888 1059 1014 1146; x_wconf 88' lang='lat' dir='ltr'><strong>collega</strong></span> <span class='ocrx_word' id='word_1_56' title='bbox 1049 1061 1235 1146; x_wconf 73' lang='lat' dir='ltr'><strong>impetravi,</strong></span> <span class='ocrx_word' id='word_1_57' title='bbox 1270 1065 1307 1126; x_wconf 93' lang='lat' dir='ltr'><strong>ut</strong></span> 
     </span>
     <span class='ocr_line' id='line_1_8' title="bbox 154 1164 1332 1253; baseline 0.007 -27"><span class='ocrx_word' id='word_1_58' title='bbox 154 1165 280 1228; x_wconf 87' lang='lat' dir='ltr'><strong>memet</strong></span> <span class='ocrx_word' id='word_1_59' title='bbox 302 1185 377 1227; x_wconf 90' lang='lat' dir='ltr'><strong>eum</strong></span> <span class='ocrx_word' id='word_1_60' title='bbox 400 1185 471 1228; x_wconf 89' lang='lat' dir='ltr'><strong>esse</strong></span> <span class='ocrx_word' id='word_1_61' title='bbox 494 1164 652 1230; x_wconf 76' lang='lat' dir='ltr'><strong>editorem</strong></span> <span class='ocrx_word' id='word_1_62' title='bbox 670 1167 847 1249; x_wconf 87' lang='lat' dir='ltr'><strong>pateretur,</strong></span> <span class='ocrx_word' id='word_1_63' title='bbox 870 1164 926 1248; x_wconf 91' lang='lat' dir='ltr'><strong>qui</strong></span> <span class='ocrx_word' id='word_1_64' title='bbox 948 1165 1027 1230; x_wconf 91' lang='lat' dir='ltr'><strong>mihi</strong></span> <span class='ocrx_word' id='word_1_65' title='bbox 1046 1166 1171 1232; x_wconf 87' lang='lat' dir='ltr'><strong>viderer</strong></span> <span class='ocrx_word' id='word_1_66' title='bbox 1189 1189 1332 1253; x_wconf 64' lang='lat' dir='ltr'><strong>operase</strong></span> 
     </span>
     <span class='ocr_line' id='line_1_9' title="bbox 153 1257 1305 1361; baseline 0.005 -25"><span class='ocrx_word' id='word_1_67' title='bbox 153 1272 296 1354; x_wconf 87' lang='lat' dir='ltr'><strong>pretium</strong></span> <span class='ocrx_word' id='word_1_68' title='bbox 320 1271 479 1354; x_wconf 88' lang='lat' dir='ltr'><strong>facturus,</strong></span> <span class='ocrx_word' id='word_1_69' title='bbox 506 1273 534 1337; x_wconf 90' lang='lat' dir='ltr'><strong>si</strong></span> <span class='ocrx_word' id='word_1_70' title='bbox 562 1272 643 1338; x_wconf 92' lang='lat' dir='ltr'><strong>illud</strong></span> <span class='ocrx_word' id='word_1_71' title='bbox 676 1271 859 1356; x_wconf 86' lang='lat' dir='ltr'><strong>exemplum</strong></span> <span class='ocrx_word' id='word_1_72' title='bbox 888 1257 1008 1356; x_wconf 73' lang='lat' dir='ltr'><strong>qusiuts</strong></span> <span class='ocrx_word' id='word_1_73' title='bbox 1037 1273 1106 1339; x_wconf 89' lang='lat' dir='ltr'><strong>fieri</strong></span> <span class='ocrx_word' id='word_1_74' title='bbox 1134 1274 1305 1361; x_wconf 79' lang='lat' dir='ltr'><strong>diligentia</strong></span> 
     </span>
     <span class='ocr_line' id='line_1_10' title="bbox 152 1377 980 1463; baseline 0.004 -21"><span class='ocrx_word' id='word_1_75' title='bbox 152 1383 267 1462; x_wconf 90' lang='lat' dir='ltr'><strong>posset</strong></span> <span class='ocrx_word' id='word_1_76' title='bbox 291 1378 494 1463; x_wconf 88' lang='lat' dir='ltr'><strong>lithographi</strong></span> <span class='ocrx_word' id='word_1_77' title='bbox 517 1382 585 1444; x_wconf 85' lang='lat' dir='ltr'><strong>arte</strong></span> <span class='ocrx_word' id='word_1_78' title='bbox 609 1377 802 1445; x_wconf 89' lang='lat' dir='ltr'><strong>imitandum</strong></span> <span class='ocrx_word' id='word_1_79' title='bbox 826 1399 980 1445; x_wconf 75' lang='lat' dir='ltr'><strong>curarem.</strong></span> 
     </span>
    </p>

    <p class='ocr_par' dir='ltr' id='par_1_3' title="bbox 149 1484 1332 2533">
     <span class='ocr_line' id='line_1_11' title="bbox 241 1484 1305 1572; baseline 0.003 -22"><span class='ocrx_word' id='word_1_80' title='bbox 241 1485 289 1550; x_wconf 81' lang='lat' dir='ltr'><strong>Et</strong></span> <span class='ocrx_word' id='word_1_81' title='bbox 312 1485 351 1549; x_wconf 91' lang='lat' dir='ltr'><strong>de</strong></span> <span class='ocrx_word' id='word_1_82' title='bbox 374 1484 584 1571; x_wconf 86' lang='lat' dir='ltr'><strong>lithographo</strong></span> <span class='ocrx_word' id='word_1_83' title='bbox 608 1487 737 1571; x_wconf 89' lang='lat' dir='ltr'><strong>quidem</strong></span> <span class='ocrx_word' id='word_1_84' title='bbox 761 1506 836 1550; x_wconf 86' lang='lat' dir='ltr'><strong>vere</strong></span> <span class='ocrx_word' id='word_1_85' title='bbox 859 1485 1045 1569; x_wconf 83' lang='lat' dir='ltr'><strong>praedicere</strong></span> <span class='ocrx_word' id='word_1_86' title='bbox 1069 1491 1102 1552; x_wconf 90' lang='lat' dir='ltr'><strong>et</strong></span> <span class='ocrx_word' id='word_1_87' title='bbox 1120 1509 1252 1572; x_wconf 89' lang='lat' dir='ltr'><strong>possum</strong></span> <span class='ocrx_word' id='word_1_88' title='bbox 1273 1493 1305 1553; x_wconf 88' lang='lat' dir='ltr'><strong>et</strong></span> 
     </span>
     <span class='ocr_line' id='line_1_12' title="bbox 151 1590 1332 1680; baseline 0.005 -26"><span class='ocrx_word' id='word_1_89' title='bbox 151 1591 265 1674; x_wconf 85' lang='lat' dir='ltr'><strong>debeo,</strong></span> <span class='ocrx_word' id='word_1_90' title='bbox 289 1590 371 1655; x_wconf 89' lang='lat' dir='ltr'><strong>nihil</strong></span> <span class='ocrx_word' id='word_1_91' title='bbox 394 1614 467 1657; x_wconf 89' lang='lat' dir='ltr'><strong>eum</strong></span> <span class='ocrx_word' id='word_1_92' title='bbox 490 1591 606 1677; x_wconf 91' lang='lat' dir='ltr'><strong>reliqui</strong></span> <span class='ocrx_word' id='word_1_93' title='bbox 629 1591 753 1658; x_wconf 84' lang='lat' dir='ltr'><strong>fecisse.</strong></span> <span class='ocrx_word' id='word_1_94' title='bbox 786 1590 835 1657; x_wconf 92' lang='lat' dir='ltr'><strong>De</strong></span> <span class='ocrx_word' id='word_1_95' title='bbox 858 1614 931 1656; x_wconf 91' lang='lat' dir='ltr'><strong>mea</strong></span> <span class='ocrx_word' id='word_1_96' title='bbox 954 1595 1063 1658; x_wconf 87' lang='lat' dir='ltr'><strong>autem</strong></span> <span class='ocrx_word' id='word_1_97' title='bbox 1086 1616 1185 1678; x_wconf 90' lang='lat' dir='ltr'><strong>opera</strong></span> <span class='ocrx_word' id='word_1_98' title='bbox 1207 1617 1303 1680; x_wconf 90' lang='lat' dir='ltr'><strong>quam</strong></span> <span class='ocrx_word' id='word_1_99' title='bbox 1326 1643 1332 1652; x_wconf 85' lang='lat'><strong>.</strong></span> 
     </span>
     <span class='ocr_line' id='line_1_13' title="bbox 152 1697 1303 1786; baseline 0.004 -24"><span class='ocrx_word' id='word_1_100' title='bbox 152 1697 300 1762; x_wconf 84' lang='lat' dir='ltr'><strong>modeste</strong></span> <span class='ocrx_word' id='word_1_101' title='bbox 324 1699 438 1778; x_wconf 89' lang='lat' dir='ltr'><strong>sentio,</strong></span> <span class='ocrx_word' id='word_1_102' title='bbox 456 1704 525 1764; x_wconf 88' lang='lat' dir='ltr'><strong>tam</strong></span> <span class='ocrx_word' id='word_1_103' title='bbox 551 1699 743 1785; x_wconf 89' lang='lat' dir='ltr'><strong>simpliciter</strong></span> <span class='ocrx_word' id='word_1_104' title='bbox 762 1697 876 1763; x_wconf 89' lang='lat' dir='ltr'><strong>dicam.</strong></span> <span class='ocrx_word' id='word_1_105' title='bbox 895 1697 1040 1764; x_wconf 92' lang='lat' dir='ltr'><strong>Primum</strong></span> <span class='ocrx_word' id='word_1_106' title='bbox 1059 1700 1160 1785; x_wconf 89' lang='lat' dir='ltr'><strong>igitur</strong></span> <span class='ocrx_word' id='word_1_107' title='bbox 1177 1706 1303 1786; x_wconf 87' lang='lat' dir='ltr'><strong>partem</strong></span> 
     </span>
     <span class='ocr_line' id='line_1_14' title="bbox 151 1806 1303 1894; baseline 0.003 -24"><span class='ocrx_word' id='word_1_108' title='bbox 151 1806 363 1890; x_wconf 83' lang='lat' dir='ltr'><strong>superstitem</strong></span> <span class='ocrx_word' id='word_1_109' title='bbox 382 1806 466 1892; x_wconf 90' lang='lat' dir='ltr'><strong>legis</strong></span> <span class='ocrx_word' id='word_1_110' title='bbox 484 1807 636 1892; x_wconf 84' lang='lat' dir='ltr'><strong>Rubriae,</strong></span> <span class='ocrx_word' id='word_1_111' title='bbox 655 1829 752 1893; x_wconf 88' lang='lat' dir='ltr'><strong>quam</strong></span> <span class='ocrx_word' id='word_1_112' title='bbox 771 1828 788 1872; x_wconf 90' lang='lat' dir='ltr'><strong>e</strong></span> <span class='ocrx_word' id='word_1_113' title='bbox 806 1806 955 1890; x_wconf 92' lang='lat' dir='ltr'><strong>partibus</strong></span> <span class='ocrx_word' id='word_1_114' title='bbox 974 1807 1144 1872; x_wconf 91' lang='lat' dir='ltr'><strong>minimum</strong></span> <span class='ocrx_word' id='word_1_115' title='bbox 1163 1808 1303 1894; x_wconf 88' lang='lat' dir='ltr'><strong>quinque</strong></span> 
     </span>
     <span class='ocr_line' id='line_1_15' title="bbox 150 1913 1302 2001; baseline 0.003 -24"><span class='ocrx_word' id='word_1_116' title='bbox 150 1916 304 1998; x_wconf 85' lang='lat' dir='ltr'><strong>quartam</strong></span> <span class='ocrx_word' id='word_1_117' title='bbox 328 1935 398 1978; x_wconf 90' lang='lat' dir='ltr'><strong>esse</strong></span> <span class='ocrx_word' id='word_1_118' title='bbox 417 1914 489 1998; x_wconf 87' lang='lat' dir='ltr'><strong>ipsa</strong></span> <span class='ocrx_word' id='word_1_119' title='bbox 506 1915 620 1980; x_wconf 83' lang='lat' dir='ltr'><strong>tabula</strong></span> <span class='ocrx_word' id='word_1_120' title='bbox 638 1917 789 1998; x_wconf 87' lang='lat' dir='ltr'><strong>testatur,</strong></span> <span class='ocrx_word' id='word_1_121' title='bbox 812 1913 1053 1997; x_wconf 86' lang='lat' dir='ltr'><strong>repraesentavi</strong></span> <span class='ocrx_word' id='word_1_122' title='bbox 1072 1913 1197 2001; x_wconf 83' lang='lat' dir='ltr'><strong>vulgari</strong></span> <span class='ocrx_word' id='word_1_123' title='bbox 1216 1915 1302 1981; x_wconf 90' lang='lat' dir='ltr'><strong>litte-</strong></span> 
     </span>
     <span class='ocr_line' id='line_1_16' title="bbox 150 2019 1303 2108; baseline 0.003 -24"><span class='ocrx_word' id='word_1_124' title='bbox 150 2042 261 2084; x_wconf 88' lang='lat' dir='ltr'><strong>rarum</strong></span> <span class='ocrx_word' id='word_1_125' title='bbox 290 2041 408 2106; x_wconf 89' lang='lat' dir='ltr'><strong>genere</strong></span> <span class='ocrx_word' id='word_1_126' title='bbox 436 2042 620 2105; x_wconf 87' lang='lat' dir='ltr'><strong>expressam</strong></span> <span class='ocrx_word' id='word_1_127' title='bbox 652 2024 685 2085; x_wconf 92' lang='lat' dir='ltr'><strong>et</strong></span> <span class='ocrx_word' id='word_1_128' title='bbox 715 2019 763 2086; x_wconf 87' lang='lat' dir='ltr'><strong>ita</strong></span> <span class='ocrx_word' id='word_1_129' title='bbox 791 2020 1032 2104; x_wconf 88' lang='lat' dir='ltr'><strong>interpunctam</strong></span> <span class='ocrx_word' id='word_1_130' title='bbox 1063 2025 1100 2086; x_wconf 91' lang='lat' dir='ltr'><strong>ut</strong></span> <span class='ocrx_word' id='word_1_131' title='bbox 1127 2025 1160 2086; x_wconf 93' lang='lat' dir='ltr'><strong>et</strong></span> <span class='ocrx_word' id='word_1_132' title='bbox 1182 2023 1246 2108; x_wconf 87' lang='lat' dir='ltr'><strong>legi</strong></span> <span class='ocrx_word' id='word_1_133' title='bbox 1270 2027 1303 2088; x_wconf 88' lang='lat' dir='ltr'><strong>et</strong></span> 
     </span>
     <span class='ocr_line' id='line_1_17' title="bbox 151 2125 1301 2213; baseline 0.003 -24"><span class='ocrx_word' id='word_1_134' title='bbox 151 2127 299 2213; x_wconf 81' lang='lat' dir='ltr'><strong>intellegi</strong></span> <span class='ocrx_word' id='word_1_135' title='bbox 326 2126 493 2192; x_wconf 88' lang='lat' dir='ltr'><strong>commode</strong></span> <span class='ocrx_word' id='word_1_136' title='bbox 519 2132 643 2212; x_wconf 89' lang='lat' dir='ltr'><strong>posset:</strong></span> <span class='ocrx_word' id='word_1_137' title='bbox 674 2125 820 2192; x_wconf 78' lang='lat' dir='ltr'><strong>subiecta</strong></span> <span class='ocrx_word' id='word_1_138' title='bbox 842 2125 1034 2191; x_wconf 86' lang='lat' dir='ltr'><strong>brevissima</strong></span> <span class='ocrx_word' id='word_1_139' title='bbox 1063 2149 1173 2194; x_wconf 87' lang='lat' dir='ltr'><strong>earum</strong></span> <span class='ocrx_word' id='word_1_140' title='bbox 1196 2149 1301 2192; x_wconf 87' lang='lat' dir='ltr'><strong>emen-</strong></span> 
     </span>
     <span class='ocr_line' id='line_1_18' title="bbox 150 2231 1301 2318; baseline 0.003 -22"><span class='ocrx_word' id='word_1_141' title='bbox 150 2231 321 2299; x_wconf 88' lang='lat' dir='ltr'><strong>dationum</strong></span> <span class='ocrx_word' id='word_1_142' title='bbox 344 2233 522 2318; x_wconf 82' lang='lat' dir='ltr'><strong>uotetione,</strong></span> <span class='ocrx_word' id='word_1_143' title='bbox 545 2255 627 2318; x_wconf 85' lang='lat' dir='ltr'><strong>quse</strong></span> <span class='ocrx_word' id='word_1_144' title='bbox 651 2235 708 2299; x_wconf 91' lang='lat' dir='ltr'><strong>aut</strong></span> <span class='ocrx_word' id='word_1_145' title='bbox 731 2231 802 2298; x_wconf 90' lang='lat' dir='ltr'><strong>aliis</strong></span> <span class='ocrx_word' id='word_1_146' title='bbox 826 2231 1019 2298; x_wconf 84' lang='lat' dir='ltr'><strong>deberentur</strong></span> <span class='ocrx_word' id='word_1_147' title='bbox 1048 2236 1106 2300; x_wconf 86' lang='lat' dir='ltr'><strong>aut</strong></span> <span class='ocrx_word' id='word_1_148' title='bbox 1127 2233 1209 2298; x_wconf 91' lang='lat' dir='ltr'><strong>mihi</strong></span> <span class='ocrx_word' id='word_1_149' title='bbox 1232 2256 1301 2300; x_wconf 88' lang='lat' dir='ltr'><strong>esse</strong></span> 
     </span>
     <span class='ocr_line' id='line_1_19' title="bbox 149 2340 1302 2426; baseline 0.003 -23"><span class='ocrx_word' id='word_1_150' title='bbox 149 2341 354 2406; x_wconf 88' lang='lat' dir='ltr'><strong>necessariae</strong></span> <span class='ocrx_word' id='word_1_151' title='bbox 372 2342 462 2406; x_wconf 83' lang='lat' dir='ltr'><strong>visae</strong></span> <span class='ocrx_word' id='word_1_152' title='bbox 486 2344 603 2407; x_wconf 89' lang='lat' dir='ltr'><strong>essent.</strong></span> <span class='ocrx_word' id='word_1_153' title='bbox 638 2340 726 2418; x_wconf 78' lang='lat' dir='ltr'><strong>Quae</strong></span> <span class='ocrx_word' id='word_1_154' title='bbox 750 2362 830 2426; x_wconf 89' lang='lat' dir='ltr'><strong>quos</strong></span> <span class='ocrx_word' id='word_1_155' title='bbox 854 2343 1003 2406; x_wconf 83' lang='lat' dir='ltr'><strong>auctores</strong></span> <span class='ocrx_word' id='word_1_156' title='bbox 1025 2340 1193 2425; x_wconf 87' lang='lat' dir='ltr'><strong>haberent,</strong></span> <span class='ocrx_word' id='word_1_157' title='bbox 1215 2341 1302 2406; x_wconf 88' lang='lat' dir='ltr'><strong>infra</strong></span> 
     </span>
     <span class='ocr_line' id='line_1_20' title="bbox 150 2446 1300 2533; baseline 0.001 -20"><span class='ocrx_word' id='word_1_158' title='bbox 150 2449 261 2530; x_wconf 87' lang='lat' dir='ltr'><strong>posita</strong></span> <span class='ocrx_word' id='word_1_159' title='bbox 291 2446 553 2515; x_wconf 78' lang='lat' dir='ltr'><strong>Annorfflouu</strong></span> <span class='ocrx_word' id='word_1_160' title='bbox 582 2447 727 2513; x_wconf 83' lang='lat' dir='ltr'><strong>narrari:</strong></span> <span class='ocrx_word' id='word_1_161' title='bbox 750 2447 807 2512; x_wconf 92' lang='lat' dir='ltr'><strong>ubi</strong></span> <span class='ocrx_word' id='word_1_162' title='bbox 835 2448 933 2512; x_wconf 87' lang='lat' dir='ltr'><strong>etiarn</strong></span> <span class='ocrx_word' id='word_1_163' title='bbox 963 2447 1120 2532; x_wconf 89' lang='lat' dir='ltr'><strong>siglorum</strong></span> <span class='ocrx_word' id='word_1_164' title='bbox 1151 2447 1300 2533; x_wconf 86' lang='lat' dir='ltr'><strong>explana·</strong></span> 
     </span>
    </p>

    <p class='ocr_par' dir='ltr' id='par_1_4' title="bbox 20 2553 1300 4562">
     <span class='ocr_line' id='line_1_21' title="bbox 20 2553 1300 2641; baseline -0.005 -17"><span class='ocrx_word' id='word_1_165' title='bbox 20 2613 22 2624; x_wconf 93' lang='lat'><strong>.</strong></span> <span class='ocrx_word' id='word_1_166' title='bbox 149 2555 255 2620; x_wconf 90' lang='lat' dir='ltr'><strong>tiones</strong></span> <span class='ocrx_word' id='word_1_167' title='bbox 276 2553 422 2640; x_wconf 87' lang='lat' dir='ltr'><strong>adposui,</strong></span> <span class='ocrx_word' id='word_1_168' title='bbox 444 2555 508 2620; x_wconf 91' lang='lat' dir='ltr'><strong>nisi</strong></span> <span class='ocrx_word' id='word_1_169' title='bbox 531 2579 612 2641; x_wconf 90' lang='lat' dir='ltr'><strong>quas</strong></span> <span class='ocrx_word' id='word_1_170' title='bbox 634 2559 700 2639; x_wconf 88' lang='lat' dir='ltr'><strong>aut,</strong></span> <span class='ocrx_word' id='word_1_171' title='bbox 724 2559 761 2619; x_wconf 89' lang='lat' dir='ltr'><strong>nt</strong></span> <span class='ocrx_word' id='word_1_172' title='bbox 784 2553 1009 2620; x_wconf 87' lang='lat' dir='ltr'><strong>difficultatem</strong></span> <span class='ocrx_word' id='word_1_173' title='bbox 1032 2553 1155 2619; x_wconf 86' lang='lat' dir='ltr'><strong>nullam</strong></span> <span class='ocrx_word' id='word_1_174' title='bbox 1178 2553 1300 2618; x_wconf 88' lang='lat' dir='ltr'><strong>haben·</strong></span> 
     </span>
     <span class='ocr_line' id='line_1_22' title="bbox 150 2658 1299 2746; baseline 0.001 -23"><span class='ocrx_word' id='word_1_175' title='bbox 150 2662 206 2744; x_wconf 87' lang='lat' dir='ltr'><strong>tes,</strong></span> <span class='ocrx_word' id='word_1_176' title='bbox 230 2659 365 2746; x_wconf 87' lang='lat' dir='ltr'><strong>Hugoni</strong></span> <span class='ocrx_word' id='word_1_177' title='bbox 387 2661 452 2726; x_wconf 91' lang='lat' dir='ltr'><strong>iam</strong></span> <span class='ocrx_word' id='word_1_178' title='bbox 476 2661 553 2726; x_wconf 89' lang='lat' dir='ltr'><strong>Itali</strong></span> <span class='ocrx_word' id='word_1_179' title='bbox 576 2665 653 2728; x_wconf 87' lang='lat' dir='ltr'><strong>ante</strong></span> <span class='ocrx_word' id='word_1_180' title='bbox 677 2659 851 2727; x_wconf 86' lang='lat' dir='ltr'><strong>Marinium</strong></span> <span class='ocrx_word' id='word_1_181' title='bbox 875 2661 1069 2746; x_wconf 86' lang='lat' dir='ltr'><strong>interpretes</strong></span> <span class='ocrx_word' id='word_1_182' title='bbox 1093 2658 1194 2724; x_wconf 84' lang='lat' dir='ltr'><strong>Costa</strong></span> <span class='ocrx_word' id='word_1_183' title='bbox 1216 2659 1299 2745; x_wconf 90' lang='lat' dir='ltr'><strong>Pog-</strong></span> 
     </span>
     <span class='ocr_line' id='line_1_23' title="bbox 149 2765 1300 2854; baseline -0.001 -23"><span class='ocrx_word' id='word_1_184' title='bbox 149 2767 220 2850; x_wconf 88' lang='lat' dir='ltr'><strong>gius</strong></span> <span class='ocrx_word' id='word_1_185' title='bbox 252 2766 380 2832; x_wconf 85' lang='lat' dir='ltr'><strong>Oarlius</strong></span> <span class='ocrx_word' id='word_1_186' title='bbox 411 2769 610 2854; x_wconf 86' lang='lat' dir='ltr'><strong>praeissent,</strong></span> <span class='ocrx_word' id='word_1_187' title='bbox 643 2772 699 2834; x_wconf 87' lang='lat' dir='ltr'><strong>aut</strong></span> <span class='ocrx_word' id='word_1_188' title='bbox 729 2769 763 2832; x_wconf 90' lang='lat' dir='ltr'><strong>hi</strong></span> <span class='ocrx_word' id='word_1_189' title='bbox 797 2790 836 2832; x_wconf 88' lang='lat' dir='ltr'><strong>ea</strong></span> <span class='ocrx_word' id='word_1_190' title='bbox 866 2765 1031 2852; x_wconf 89' lang='lat' dir='ltr'><strong>imperitia</strong></span> <span class='ocrx_word' id='word_1_191' title='bbox 1063 2765 1300 2852; x_wconf 79' lang='lat' dir='ltr'><strong>excogitassent</strong></span> 
     </span>
     <span class='ocr_line' id='line_1_24' title="bbox 150 2869 1298 2970; baseline 0.001 -34"><span class='ocrx_word' id='word_1_192' title='bbox 150 2873 239 2938; x_wconf 88' lang='lat' dir='ltr'><strong>euius</strong></span> <span class='ocrx_word' id='word_1_193' title='bbox 265 2875 428 2970; x_wconf 76' lang='lat' dir='ltr'><strong>specimen</strong></span> <span class='ocrx_word' id='word_1_194' title='bbox 452 2875 526 2940; x_wconf 89' lang='lat' dir='ltr'><strong>adl</strong></span> <span class='ocrx_word' id='word_1_195' title='bbox 545 2877 585 2940; x_wconf 87' lang='lat'><strong>31</strong></span> <span class='ocrx_word' id='word_1_196' title='bbox 607 2876 691 2945; x_wconf 90' lang='lat' dir='ltr'><strong>dedi.</strong></span> <span class='ocrx_word' id='word_1_197' title='bbox 717 2873 843 2940; x_wconf 86' lang='lat' dir='ltr'><strong>Ibidem</strong></span> <span class='ocrx_word' id='word_1_198' title='bbox 863 2872 964 2940; x_wconf 85' lang='lat' dir='ltr'><strong>Carlii</strong></span> <span class='ocrx_word' id='word_1_199' title='bbox 986 2869 1052 2960; x_wconf 81' lang='lat' dir='ltr'><strong>(G),</strong></span> <span class='ocrx_word' id='word_1_200' title='bbox 1076 2895 1170 2959; x_wconf 89' lang='lat' dir='ltr'><strong>quem</strong></span> <span class='ocrx_word' id='word_1_201' title='bbox 1189 2875 1298 2938; x_wconf 85' lang='lat' dir='ltr'><strong>tamen</strong></span> 
     </span>
     <span class='ocr_line' id='line_1_25' title="bbox 149 2977 1297 3068; baseline 0.003 -25"><span class='ocrx_word' id='word_1_202' title='bbox 149 2977 301 3064; x_wconf 88' lang='lat' dir='ltr'><strong>Hugonis</strong></span> <span class='ocrx_word' id='word_1_203' title='bbox 317 2979 544 3067; x_wconf 82' lang='lat' dir='ltr'><strong>Dirlrseniique</strong></span> <span class='ocrx_word' id='word_1_204' title='bbox 559 2981 621 3046; x_wconf 90' lang='lat' dir='ltr'><strong>fide</strong></span> <span class='ocrx_word' id='word_1_205' title='bbox 636 3001 863 3066; x_wconf 89' lang='lat' dir='ltr'><strong>commemoro,</strong></span> <span class='ocrx_word' id='word_1_206' title='bbox 881 2979 1014 3045; x_wconf 88' lang='lat' dir='ltr'><strong>Marinii</strong></span> <span class='ocrx_word' id='word_1_207' title='bbox 1029 2977 1091 3068; x_wconf 82' lang='lat' dir='ltr'><strong>(dl)</strong></span> <span class='ocrx_word' id='word_1_208' title='bbox 1106 2979 1226 3046; x_wconf 87' lang='lat' dir='ltr'><strong>Lamae</strong></span> <span class='ocrx_word' id='word_1_209' title='bbox 1240 2978 1297 3068; x_wconf 82' lang='lat'><strong>(1.)</strong></span> 
     </span>
     <span class='ocr_line' id='line_1_26' title="bbox 150 3085 1298 3173; baseline 0.004 -24"><span class='ocrx_word' id='word_1_210' title='bbox 150 3085 186 3150; x_wconf 88' lang='lat' dir='ltr'><strong>de</strong></span> <span class='ocrx_word' id='word_1_211' title='bbox 210 3087 317 3172; x_wconf 87' lang='lat' dir='ltr'><strong>ipsius</strong></span> <span class='ocrx_word' id='word_1_212' title='bbox 340 3088 423 3152; x_wconf 86' lang='lat' dir='ltr'><strong>aeris</strong></span> <span class='ocrx_word' id='word_1_213' title='bbox 448 3089 604 3154; x_wconf 89' lang='lat' dir='ltr'><strong>memoria</strong></span> <span class='ocrx_word' id='word_1_214' title='bbox 626 3087 815 3154; x_wconf 89' lang='lat' dir='ltr'><strong>testimonia</strong></span> <span class='ocrx_word' id='word_1_215' title='bbox 833 3087 1009 3173; x_wconf 90' lang='lat' dir='ltr'><strong>composui,</strong></span> <span class='ocrx_word' id='word_1_216' title='bbox 1032 3109 1094 3172; x_wconf 92' lang='lat' dir='ltr'><strong>quo</strong></span> <span class='ocrx_word' id='word_1_217' title='bbox 1118 3089 1236 3152; x_wconf 86' lang='lat' dir='ltr'><strong>certius</strong></span> <span class='ocrx_word' id='word_1_218' title='bbox 1259 3088 1298 3154; x_wconf 89' lang='lat' dir='ltr'><strong>de</strong></span> 
     </span>
     <span class='ocr_line' id='line_1_27' title="bbox 150 3190 1297 3280; baseline 0.004 -25"><span class='ocrx_word' id='word_1_219' title='bbox 150 3190 288 3278; x_wconf 87' lang='lat' dir='ltr'><strong>singulis</strong></span> <span class='ocrx_word' id='word_1_220' title='bbox 315 3193 468 3259; x_wconf 90' lang='lat' dir='ltr'><strong>iudicium</strong></span> <span class='ocrx_word' id='word_1_221' title='bbox 497 3197 597 3259; x_wconf 88' lang='lat' dir='ltr'><strong>esset:</strong></span> <span class='ocrx_word' id='word_1_222' title='bbox 625 3195 801 3278; x_wconf 87' lang='lat' dir='ltr'><strong>separatim</strong></span> <span class='ocrx_word' id='word_1_223' title='bbox 830 3199 952 3280; x_wconf 84' lang='lat' dir='ltr'><strong>temen,</strong></span> <span class='ocrx_word' id='word_1_224' title='bbox 978 3218 1020 3259; x_wconf 89' lang='lat' dir='ltr'><strong>ne</strong></span> <span class='ocrx_word' id='word_1_225' title='bbox 1047 3195 1123 3280; x_wconf 91' lang='lat' dir='ltr'><strong>quid</strong></span> <span class='ocrx_word' id='word_1_226' title='bbox 1151 3195 1201 3260; x_wconf 87' lang='lat' dir='ltr'><strong>vel</strong></span> <span class='ocrx_word' id='word_1_227' title='bbox 1231 3199 1297 3260; x_wconf 89' lang='lat' dir='ltr'><strong>tur·</strong></span> 
     </span>
     <span class='ocr_line' id='line_1_28' title="bbox 149 3297 1296 3387; baseline 0.003 -25"><span class='ocrx_word' id='word_1_228' title='bbox 149 3297 266 3364; x_wconf 87' lang='lat' dir='ltr'><strong>barum</strong></span> <span class='ocrx_word' id='word_1_229' title='bbox 296 3301 346 3364; x_wconf 84' lang='lat' dir='ltr'><strong>vel</strong></span> <span class='ocrx_word' id='word_1_230' title='bbox 374 3301 496 3366; x_wconf 87' lang='lat' dir='ltr'><strong>fastidii</strong></span> <span class='ocrx_word' id='word_1_231' title='bbox 525 3301 747 3366; x_wconf 87' lang='lat' dir='ltr'><strong>lectitantibus</strong></span> <span class='ocrx_word' id='word_1_232' title='bbox 772 3306 947 3387; x_wconf 88' lang='lat' dir='ltr'><strong>crearetur,</strong></span> <span class='ocrx_word' id='word_1_233' title='bbox 976 3303 1022 3368; x_wconf 91' lang='lat' dir='ltr'><strong>eis</strong></span> <span class='ocrx_word' id='word_1_234' title='bbox 1050 3301 1198 3366; x_wconf 89' lang='lat' dir='ltr'><strong>omnibus</strong></span> <span class='ocrx_word' id='word_1_235' title='bbox 1223 3300 1296 3386; x_wconf 89' lang='lat' dir='ltr'><strong>&#39;per-</strong></span> 
     </span>
     <span class='ocr_line' id='line_1_29' title="bbox 150 3405 1295 3494; baseline 0.004 -25"><span class='ocrx_word' id='word_1_236' title='bbox 150 3405 280 3490; x_wconf 85' lang='lat' dir='ltr'><strong>scriptis</strong></span> <span class='ocrx_word' id='word_1_237' title='bbox 308 3429 389 3491; x_wconf 85' lang='lat' dir='ltr'><strong>quae</strong></span> <span class='ocrx_word' id='word_1_238' title='bbox 422 3408 463 3474; x_wconf 91' lang='lat' dir='ltr'><strong>ad</strong></span> <span class='ocrx_word' id='word_1_239' title='bbox 490 3408 784 3494; x_wconf 90' lang='lat' dir='ltr'><strong>interpunctionem</strong></span> <span class='ocrx_word' id='word_1_240' title='bbox 813 3409 968 3474; x_wconf 89' lang='lat' dir='ltr'><strong>orationis</strong></span> <span class='ocrx_word' id='word_1_241' title='bbox 1001 3409 1173 3492; x_wconf 88' lang='lat' dir='ltr'><strong>pertinent.</strong></span> <span class='ocrx_word' id='word_1_242' title='bbox 1225 3409 1295 3486; x_wconf 85' lang='lat' dir='ltr'><strong>Quo</strong></span> 
     </span>
     <span class='ocr_line' id='line_1_30' title="bbox 150 3510 1295 3601; baseline 0.006 -29"><span class='ocrx_word' id='word_1_243' title='bbox 150 3510 181 3575; x_wconf 91' lang='lat' dir='ltr'><strong>in</strong></span> <span class='ocrx_word' id='word_1_244' title='bbox 204 3534 324 3598; x_wconf 88' lang='lat' dir='ltr'><strong>genere</strong></span> <span class='ocrx_word' id='word_1_245' title='bbox 352 3517 389 3578; x_wconf 88' lang='lat' dir='ltr'><strong>ut</strong></span> <span class='ocrx_word' id='word_1_246' title='bbox 418 3515 554 3580; x_wconf 87' lang='lat' dir='ltr'><strong>mirifica</strong></span> <span class='ocrx_word' id='word_1_247' title='bbox 581 3515 772 3580; x_wconf 84' lang='lat' dir='ltr'><strong>testantium</strong></span> <span class='ocrx_word' id='word_1_248' title='bbox 797 3514 1012 3600; x_wconf 90' lang='lat' dir='ltr'><strong>discrepantia</strong></span> <span class='ocrx_word' id='word_1_249' title='bbox 1035 3519 1094 3601; x_wconf 89' lang='lat' dir='ltr'><strong>est,</strong></span> <span class='ocrx_word' id='word_1_250' title='bbox 1116 3515 1163 3581; x_wconf 91' lang='lat' dir='ltr'><strong>ita</strong></span> <span class='ocrx_word' id='word_1_251' title='bbox 1185 3516 1295 3600; x_wconf 92' lang='lat' dir='ltr'><strong>paullo</strong></span> 
     </span>
     <span class='ocr_line' id='line_1_31' title="bbox 149 3617 1295 3704; baseline 0.003 -22"><span class='ocrx_word' id='word_1_252' title='bbox 149 3617 219 3699; x_wconf 91' lang='lat' dir='ltr'><strong>plus</strong></span> <span class='ocrx_word' id='word_1_253' title='bbox 248 3641 344 3703; x_wconf 89' lang='lat' dir='ltr'><strong>quarn</strong></span> <span class='ocrx_word' id='word_1_254' title='bbox 374 3621 473 3704; x_wconf 82' lang='lat' dir='ltr'><strong>vulgo</strong></span> <span class='ocrx_word' id='word_1_255' title='bbox 502 3621 643 3687; x_wconf 90' lang='lat' dir='ltr'><strong>creditur</strong></span> <span class='ocrx_word' id='word_1_256' title='bbox 670 3621 832 3686; x_wconf 88' lang='lat' dir='ltr'><strong>utilitatis.</strong></span> <span class='ocrx_word' id='word_1_257' title='bbox 878 3621 978 3686; x_wconf 89' lang='lat' dir='ltr'><strong>Velut</strong></span> <span class='ocrx_word' id='word_1_258' title='bbox 1006 3644 1072 3688; x_wconf 91' lang='lat' dir='ltr'><strong>non</strong></span> <span class='ocrx_word' id='word_1_259' title='bbox 1103 3625 1154 3688; x_wconf 90' lang='lat' dir='ltr'><strong>est</strong></span> <span class='ocrx_word' id='word_1_260' title='bbox 1175 3625 1295 3686; x_wconf 85' lang='lat' dir='ltr'><strong>temere</strong></span> 
     </span>
     <span class='ocr_line' id='line_1_32' title="bbox 150 3723 1295 3813; baseline 0.004 -26"><span class='ocrx_word' id='word_1_261' title='bbox 150 3723 280 3810; x_wconf 85' lang='lat' dir='ltr'><strong>factum,</strong></span> <span class='ocrx_word' id='word_1_262' title='bbox 304 3728 414 3792; x_wconf 83' lang='lat' dir='ltr'><strong>seder</strong></span> <span class='ocrx_word' id='word_1_263' title='bbox 434 3731 539 3794; x_wconf 89' lang='lat' dir='ltr'><strong>certae</strong></span> <span class='ocrx_word' id='word_1_264' title='bbox 559 3727 747 3812; x_wconf 90' lang='lat' dir='ltr'><strong>discipliuae</strong></span> <span class='ocrx_word' id='word_1_265' title='bbox 766 3729 950 3793; x_wconf 85' lang='lat' dir='ltr'><strong>constantia</strong></span> <span class='ocrx_word' id='word_1_266' title='bbox 969 3727 1187 3813; x_wconf 90' lang='lat' dir='ltr'><strong>repetendum,</strong></span> <span class='ocrx_word' id='word_1_267' title='bbox 1210 3727 1295 3812; x_wconf 88' lang='lat' dir='ltr'><strong>quod</strong></span> 
     </span>
     <span class='ocr_line' id='line_1_33' title="bbox 150 3831 1294 3920; baseline 0.003 -25"><span class='ocrx_word' id='word_1_268' title='bbox 150 3831 336 3918; x_wconf 89' lang='lat' dir='ltr'><strong>plerumque</strong></span> <span class='ocrx_word' id='word_1_269' title='bbox 359 3831 452 3920; x_wconf 89' lang='lat' dir='ltr'><strong>(nam</strong></span> <span class='ocrx_word' id='word_1_270' title='bbox 475 3834 596 3920; x_wconf 88' lang='lat' dir='ltr'><strong>aliquid</strong></span> <span class='ocrx_word' id='word_1_271' title='bbox 625 3857 702 3900; x_wconf 85' lang='lat' dir='ltr'><strong>sane</strong></span> <span class='ocrx_word' id='word_1_272' title='bbox 731 3835 904 3920; x_wconf 89' lang='lat' dir='ltr'><strong>sculptoris</strong></span> <span class='ocrx_word' id='word_1_273' title='bbox 927 3834 1155 3920; x_wconf 87' lang='lat' dir='ltr'><strong>neglegentiae</strong></span> <span class='ocrx_word' id='word_1_274' title='bbox 1179 3833 1294 3899; x_wconf 93' lang='lat' dir='ltr'><strong>condo-</strong></span> 
     </span>
     <span class='ocr_line' id='line_1_34' title="bbox 149 3937 1294 4026; baseline 0.004 -25"><span class='ocrx_word' id='word_1_275' title='bbox 149 3937 306 4026; x_wconf 87' lang='lat' dir='ltr'><strong>nandum)</strong></span> <span class='ocrx_word' id='word_1_276' title='bbox 338 3941 596 4026; x_wconf 88' lang='lat' dir='ltr'><strong>praepositiones</strong></span> <span class='ocrx_word' id='word_1_277' title='bbox 631 3964 703 4006; x_wconf 91' lang='lat' dir='ltr'><strong>cum</strong></span> <span class='ocrx_word' id='word_1_278' title='bbox 738 3943 805 4008; x_wconf 89' lang='lat' dir='ltr'><strong>suis</strong></span> <span class='ocrx_word' id='word_1_279' title='bbox 841 3942 1026 4008; x_wconf 91' lang='lat' dir='ltr'><strong>nominibus</strong></span> <span class='ocrx_word' id='word_1_280' title='bbox 1061 3943 1190 4006; x_wconf 89' lang='lat' dir='ltr'><strong>coeunt:</strong></span> <span class='ocrx_word' id='word_1_281' title='bbox 1222 3941 1294 4006; x_wconf 82' lang='lat' dir='ltr'><strong>abeo</strong></span> 
     </span>
     <span class='ocr_line' id='line_1_35' title="bbox 149 4046 1293 4134; baseline 0.003 -26"><span class='ocrx_word' id='word_1_282' title='bbox 149 4066 227 4126; x_wconf 70' lang='lat' dir='ltr'><strong>opero</strong></span> <span class='ocrx_word' id='word_1_283' title='bbox 249 4047 379 4128; x_wconf 76' lang='lat' dir='ltr'><strong>adquem</strong></span> <span class='ocrx_word' id='word_1_284' title='bbox 401 4068 475 4112; x_wconf 78' lang='lat' dir='ltr'><strong>ecca</strong></span> <span class='ocrx_word' id='word_1_285' title='bbox 489 4047 601 4112; x_wconf 80' lang='lat' dir='ltr'><strong>‘ineam</strong></span> <span class='ocrx_word' id='word_1_286' title='bbox 624 4050 726 4132; x_wconf 66' lang='lat' dir='ltr'><strong>tepeo,</strong></span> <span class='ocrx_word' id='word_1_287' title='bbox 744 4069 868 4132; x_wconf 62' lang='lat' dir='ltr'><strong>muruco</strong></span> <span class='ocrx_word' id='word_1_288' title='bbox 892 4046 925 4113; x_wconf 94' lang='lat' dir='ltr'><strong>II</strong></span> <span class='ocrx_word' id='word_1_289' title='bbox 949 4050 1002 4134; x_wconf 76' lang='lat'><strong>27,</strong></span> <span class='ocrx_word' id='word_1_290' title='bbox 1024 4069 1087 4130; x_wconf 80' lang='lat' dir='ltr'><strong>qao</strong></span> <span class='ocrx_word' id='word_1_291' title='bbox 1100 4048 1176 4131; x_wconf 83' lang='lat' dir='ltr'><strong>doro,</strong></span> <span class='ocrx_word' id='word_1_292' title='bbox 1199 4069 1293 4130; x_wconf 81' lang='lat' dir='ltr'><strong>quum</strong></span> 
     </span>
     <span class='ocr_line' id='line_1_36' title="bbox 149 4151 1293 4238; baseline 0.005 -23"><span class='ocrx_word' id='word_1_293' title='bbox 149 4151 257 4236; x_wconf 75' lang='grc' dir='ltr'><strong>οόνεηι,</strong></span> <span class='ocrx_word' id='word_1_294' title='bbox 290 4155 361 4218; x_wconf 84' lang='lat' dir='ltr'><strong>ineo</strong></span> <span class='ocrx_word' id='word_1_295' title='bbox 383 4151 490 4238; x_wconf 64' lang='lat' dir='ltr'><strong>umba,</strong></span> <span class='ocrx_word' id='word_1_296' title='bbox 519 4156 585 4219; x_wconf 79' lang='lat' dir='ltr'><strong>ineo</strong></span> <span class='ocrx_word' id='word_1_297' title='bbox 612 4156 742 4233; x_wconf 76' lang='lat' dir='ltr'><strong>iudicio,</strong></span> <span class='ocrx_word' id='word_1_298' title='bbox 774 4155 914 4238; x_wconf 70' lang='lat' dir='ltr'><strong>cisalpms</strong></span> <span class='ocrx_word' id='word_1_299' title='bbox 940 4157 1090 4220; x_wconf 64' lang='lat' dir='ltr'><strong>wdeoreto</strong></span> <span class='ocrx_word' id='word_1_300' title='bbox 1119 4154 1293 4235; x_wconf 73' lang='lat' dir='ltr'><strong>reformata</strong></span> 
     </span>
     <span class='ocr_line' id='line_1_37' title="bbox 149 4259 1292 4348; baseline 0.005 -26"><span class='ocrx_word' id='word_1_301' title='bbox 149 4260 323 4326; x_wconf 76' lang='lat' dir='ltr'><strong>cciudicr&#39;cr‘s</strong></span> <span class='ocrx_word' id='word_1_302' title='bbox 354 4259 458 4326; x_wconf 75' lang='lat' dir='ltr'><strong>inulto</strong></span> <span class='ocrx_word' id='word_1_303' title='bbox 490 4261 623 4345; x_wconf 69' lang='lat' dir='ltr'><strong>inpellier</strong></span> <span class='ocrx_word' id='word_1_304' title='bbox 650 4261 820 4327; x_wconf 77' lang='lat' dir='ltr'><strong>inheredem</strong></span> <span class='ocrx_word' id='word_1_305' title='bbox 848 4262 944 4327; x_wconf 78' lang='lat' dir='ltr'><strong>icius:</strong></span> <span class='ocrx_word' id='word_1_306' title='bbox 980 4261 1089 4348; x_wconf 82' lang='lat' dir='ltr'><strong>qualia</strong></span> <span class='ocrx_word' id='word_1_307' title='bbox 1116 4283 1211 4346; x_wconf 87' lang='lat' dir='ltr'><strong>saepe</strong></span> <span class='ocrx_word' id='word_1_308' title='bbox 1241 4263 1292 4328; x_wconf 83' lang='lat' dir='ltr'><strong>vol</strong></span> 
     </span>
     <span class='ocr_line' id='line_1_38' title="bbox 150 4366 1290 4454; baseline 0.005 -26"><span class='ocrx_word' id='word_1_309' title='bbox 150 4366 339 4454; x_wconf 87' lang='lat' dir='ltr'><strong>corrigenda</strong></span> <span class='ocrx_word' id='word_1_310' title='bbox 368 4389 438 4432; x_wconf 91' lang='lat' dir='ltr'><strong>esse</strong></span> <span class='ocrx_word' id='word_1_311' title='bbox 466 4367 616 4434; x_wconf 85' lang='lat' dir='ltr'><strong>dixerunt</strong></span> <span class='ocrx_word' id='word_1_312' title='bbox 643 4369 694 4434; x_wconf 83' lang='lat' dir='ltr'><strong>vel</strong></span> <span class='ocrx_word' id='word_1_313' title='bbox 724 4370 823 4434; x_wconf 86' lang='lat' dir='ltr'><strong>tacite</strong></span> <span class='ocrx_word' id='word_1_314' title='bbox 847 4371 1055 4434; x_wconf 84' lang='lat' dir='ltr'><strong>correxerunt</strong></span> <span class='ocrx_word' id='word_1_315' title='bbox 1079 4369 1203 4434; x_wconf 88' lang='lat' dir='ltr'><strong>scilicet</strong></span> <span class='ocrx_word' id='word_1_316' title='bbox 1226 4391 1290 4434; x_wconf 92' lang='lat' dir='ltr'><strong>non</strong></span> 
     </span>
     <span class='ocr_line' id='line_1_39' title="bbox 150 4469 1290 4562; baseline 0.004 -26"><span class='ocrx_word' id='word_1_317' title='bbox 150 4469 243 4558; x_wconf 88' lang='lat' dir='ltr'><strong>Hugo</strong></span> <span class='ocrx_word' id='word_1_318' title='bbox 267 4475 396 4538; x_wconf 86' lang='lat' dir='ltr'><strong>tautum</strong></span> <span class='ocrx_word' id='word_1_319' title='bbox 420 4477 454 4538; x_wconf 89' lang='lat' dir='ltr'><strong>et</strong></span> <span class='ocrx_word' id='word_1_320' title='bbox 475 4473 585 4559; x_wconf 87' lang='lat' dir='ltr'><strong>Lama,</strong></span> <span class='ocrx_word' id='word_1_321' title='bbox 608 4475 664 4540; x_wconf 89' lang='lat' dir='ltr'><strong>sed</strong></span> <span class='ocrx_word' id='word_1_322' title='bbox 687 4476 757 4560; x_wconf 89' lang='lat' dir='ltr'><strong>ipse</strong></span> <span class='ocrx_word' id='word_1_323' title='bbox 781 4474 861 4542; x_wconf 90' lang='lat' dir='ltr'><strong>adeo</strong></span> <span class='ocrx_word' id='word_1_324' title='bbox 885 4473 1052 4542; x_wconf 88' lang='lat' dir='ltr'><strong>Marinius.</strong></span> <span class='ocrx_word' id='word_1_325' title='bbox 1089 4477 1181 4562; x_wconf 75' lang='lat' dir='ltr'><strong>Quid,</strong></span> <span class='ocrx_word' id='word_1_326' title='bbox 1204 4475 1290 4562; x_wconf 91' lang='lat' dir='ltr'><strong>quod</strong></span> 
     </span>
    </p>
   </div>
   <div class='ocr_carea' id='block_1_3' title="bbox 0 0 1588 5084">
    <p class='ocr_par' dir='ltr' id='par_1_5' title="bbox 0 0 1588 5084">
     <span class='ocr_line' id='line_1_40' title="bbox 0 0 1588 5084; baseline 0 2"><span class='ocrx_word' id='word_1_327' title='bbox 0 0 1588 5084; x_wconf 95' lang='lat' dir='ltr'><strong> </strong></span> 
     </span>
    </p>
   </div>
  </div>
 </body>
</html>
