3246 5082
552 364 756 414 nannonvu
780 365 1048 427 snnrqussrurs.
1302 353 1367 418 293

221 507 310 572 ximo
334 529 420 573 anno
441 508 524 574 talia
547 514 768 594 apparuerunt
794 509 829 574 in
852 509 985 576 Aemilii
1008 509 1143 575 Braunii
1170 511 1233 574 mei
1256 533 1367 576 narra-

221 615 310 680 tione
325 636 406 699 quae
426 615 529 682 estin
547 615 659 683 eodem
678 615 782 682 diario
801 617 876 682 anni
894 617 979 684 1835
998 640 1028 702 p.
1042 619 1095 684 10:
1119 605 1366 705 CALENV(S)·

222 717 704 808 CANOLEIV(S)·(F)E01T.
735 721 803 788 Eas
822 727 931 790 autem
950 725 1078 790 litteras
1101 727 1208 790 utrum
1231 725 1265 788 in
1283 723 1367 790 hanc

221 829 361 914 speciem
392 851 409 894 e
432 829 625 916 fragmentis
653 830 871 914 composuerit
898 853 939 896 an
963 853 979 895 e
1004 831 1133 896 vascirlo
1161 830 1228 894 iam
1255 835 1325 896 tum
1348 853 1366 896 e

220 936 314 1002 testis
338 936 558 1022 redintegrato
582 936 726 1021 petierit,
754 936 911 1002 incertum
939 941 997 1003 cst
1044 934 1139 1002 Certe
1168 937 1366 1024 redintegra-

220 1045 291 1106 tum
314 1041 393 1106 illud
423 1042 458 1106 in
486 1043 690 1128 antiquitatis
720 1043 863 1128 artisque
893 1043 1044 1129 operibus
1067 1043 1196 1129 Equitio
1219 1043 1365 1110 Durandi

220 1151 360 1214 exstrtrt:
382 1149 417 1214 in
440 1171 576 1232 quorum
595 1149 822 1234 Descriptione
842 1171 870 1214 a.
886 1151 971 1216 1836
995 1150 1130 1216 Parisiis
1153 1151 1288 1237 vulgata
1303 1149 1364 1220 Da

220 1255 356 1321 Wittius
389 1255 634 1338 inscriptionem
665 1257 765 1321 talem
795 1256 884 1321 dedit
910 1280 941 1342 p.
960 1257 1025 1324 350
1054 1281 1085 1322 n.
1107 1259 1206 1323 1434:
1238 1255 1365 1322 GALE-

218 1359 589 1428 NVS·OANOLE1VS
613 1397 619 1410 ·
644 1398 650 1410 ·
675 1398 681 1412 ·
705 1361 841 1429 FECIT.
892 1362 995 1440 Quem
1025 1367 1075 1429 est
1098 1365 1182 1428 idem
1205 1363 1260 1427 ille
1283 1361 1362 1428 Kra-

220 1492 326 1536 mcrus
356 1469 497 1534 securius
528 1473 670 1554 secutus,
703 1492 774 1535 cum
805 1492 870 1535 uno
897 1475 975 1555 post
1002 1493 1087 1536 anno
1110 1471 1186 1537 libri
1210 1468 1248 1534 dc
1275 1470 1363 1534 vasis
1378 1489 1404 1528 rs

218 1577 376 1642 fictilibus
397 1575 448 1642 sui
466 1599 497 1661 p.
514 1577 576 1642 143
601 1576 757 1662 scriptum
781 1598 851 1641 esse
870 1573 1363 1642 GALENVScANOLEIVS·

218 1682 347 1750 FECIT
378 1683 532 1748 narravit
583 1682 726 1760 Quarum
759 1684 942 1748 litterarum
976 1683 1053 1768 quid
1081 1706 1151 1748 esse
1185 1685 1364 1768 antiquum,

218 1789 295 1874 quid
314 1791 488 1856 accessisse
502 1789 712 1856 instaurando
729 1789 890 1872 rideatur,
909 1789 1080 1854 nemodum
1094 1790 1252 1854 curiosius
1267 1811 1362 1874 quae·

218 1896 310 1961 sirit:
341 1917 401 1961 nec
424 1917 485 1983 ego
508 1896 634 1962 efficere
659 1897 735 1962 ullis
758 1896 916 1962 machinis
940 1898 1032 1982 potui
1059 1902 1097 1962 ut
1118 1895 1266 1981 Parisiis,
1298 1919 1362 1981 quo

217 2002 250 2067 id
278 2002 445 2068 vasculum
473 2024 490 2066 e
518 2001 665 2067 Durandi
694 2002 884 2070 collectione
913 2003 1070 2069 transisse
1098 2004 1132 2068 in
1160 2001 1363 2068 Thesaurum

216 2109 435 2175 nummarium
458 2107 615 2194 (cabinet
637 2109 692 2174 des
712 2107 906 2190 medailles')
930 2131 947 2174 e
969 2107 1200 2195 Supplemcnto
1224 2109 1362 2194 descrip

216 2216 316 2280 tionis
340 2215 587 2281 De·Wittianae
614 2238 643 2300 p.
667 2216 706 2281 18
734 2214 881 2300 discitur,
909 2237 981 2281 mea
1007 2237 1122 2281 caussa
1149 2217 1362 2301 inspiceretur

216 2320 560 2408 examinareturque.*)
591 2321 663 2387 Hoc
682 2326 789 2386 autem
808 2341 889 2406 opus
908 2323 1008 2388 fictile
1027 2327 1064 2388 ut
1083 2327 1152 2388 arte
1171 2324 1361 2406 poculorum

215 2430 347 2496 illorum
371 2429 628 2496 mediocritatem
655 2427 757 2493 vincit
785 2429 942 2494 omnium:
975 2451 1108 2514 prorsus
1132 2431 1217 2494 enim
1240 2429 1360 2496 affabre

215 2538 339 2603 lactum
372 2539 434 2602 est:
467 2537 515 2603 ita
542 2535 662 2602 eisdem
690 2536 884 2620 antiquitate
912 2536 1006 2602 cedit.
1056 2533 1155 2602 Cuius
1188 2540 1278 2602 aetas
1311 2542 1362 2602 sat

215 2647 305 2710 certo
329 2643 375 2709 sic
397 2643 522 2708 videtur
545 2641 672 2706 definiri
695 2663 800 2726 posse,
828 2645 865 2706 ut
887 2641 941 2707 vix
965 2641 1131 2726 antiquius
1154 2642 1198 2708 sit
1221 2665 1306 2709 auno
1331 2667 1360 2710 u.

216 2775 243 2818 c.
257 2749 362 2836 DXX,
384 2773 451 2816 non
473 2750 635 2834 posterius
655 2769 740 2814 anno
759 2748 886 2813 circiter
899 2747 1034 2814 DLXX:
1057 2749 1186 2833 quando
1205 2749 1286 2815 illud
1305 2749 1360 2816 Vs

215 2881 275 2946 pro
299 2856 350 2925 OS
373 2855 561 2924 terminatio
585 2855 712 2940 suadet,
742 2854 805 2920 hoc
828 2853 853 2919 L
877 2855 1007 2922 litterae
1033 2878 1099 2922 non
1125 2857 1359 2942 rectangularis

214 2989 292 3034 usus
315 2964 475 3051 postulat,
511 2963 539 3028 si
563 2961 658 3028 modo
682 2961 721 3026 de
743 2960 806 3027 hac
833 2963 944 3028 littera
970 2984 1045 3030 vere
1069 2962 1230 3048 disputavi
1254 2962 1359 3030 Musei

214 3071 293 3158 phil.
312 3070 415 3136 Rhen.
439 3073 461 3134 t.
480 3070 528 3135 IX
550 3094 580 3156 p.
599 3071 620 3136 2
645 3072 758 3154 [snpra
776 3093 807 3154 p.
821 3071 911 3152 214}
944 3068 1094 3156 Satisque
1118 3072 1147 3136 ei
1170 3071 1270 3136 aetati
1294 3093 1358 3137 ser-

215 3183 325 3244 vatam
349 3179 380 3242 in
405 3175 654 3256 GANOLEIVS
682 3196 699 3240 o
726 3175 870 3240 litteram
902 3175 1072 3242 convenire
1103 3199 1167 3242 non
1197 3180 1247 3241 est
1273 3179 1358 3262 quod

215 3285 350 3370 probem
373 3283 574 3369 explicatius.

680 3495 892 3505 -—---—-.

305 3710 400 3794 [Cum
415 3710 567 3778 Belolai
585 3709 761 3796 pocolom
780 3709 816 3774 P.
829 3707 864 3776 L.
878 3706 921 3773 M.
935 3707 973 3774 Ε.
987 3709 1052 3774 tab.
1066 3709 1114 3774 XI
1127 3710 1222 3796 figo
1236 3710 1357 3777 editum

215 3819 273 3902 sit,
301 3819 443 3886 eiusdem
470 3817 601 3884 tabulae
623 3817 736 3904 liguris
760 3815 830 3880 KL
857 3814 969 3900 figlina
996 3815 1057 3880 bac
1085 3817 1357 3883 commentatione

213 3927 356 3992 tractata
379 3925 601 4009 suppleantur,
624 3927 792 4008 praeterea
815 3922 920 4007 figura
941 3922 987 3987 M
1004 3923 1170 4006 speculum
1194 3921 1356 3989 Cosanum

302 4119 329 4188 *)
349 4117 421 4190 [Hoc
440 4117 553 4188 qnidam
571 4119 670 4187 postea
688 4115 783 4172 effecit
800 4113 981 4180 Ritschelius3
1005 4113 1091 4170 immo
1115 4116 1199 4171 etiam
1219 4133 1356 4190 gypseum

213 4208 333 4264 alterurn
352 4207 511 4277 exemplum
530 4223 548 4260 a
566 4205 665 4262 Carolo
679 4205 850 4260 Lanormant
867 4204 997 4274 paratum
1015 4203 1132 4273 accepit,
1151 4203 1192 4258 ita
1210 4209 1242 4260 ut
1259 4207 1355 4276 paullo

212 4296 369 4354 accuratius
388 4298 478 4352 totam
496 4295 606 4350 lancem
621 4295 803 4350 Caeretanum
823 4292 953 4348 exhibere
972 4292 1096 4362 potuerit
1113 4292 1142 4348 in
1156 4310 1245 4351 vacuo
1263 4295 1355 4364 spatio

211 4385 327 4441 tabulae
345 4383 469 4440 XXXVI.
515 4384 664 4439 Praeterea
690 4381 725 4438 cl.
744 4381 856 4436 Priscae
879 4381 930 4437 lat.
954 4379 1041 4451 epigr.
1061 4381 1151 4453 suppl.
1171 4381 1208 4436 lV
1231 4399 1257 4454 p.
1277 4382 1354 4450 XV13

213 4475 330 4546 Ephem.
350 4473 436 4545 epigr.
456 4472 469 4526 I
487 4492 514 4544 p.
534 4479 550 4526 9
570 4489 596 4526 n.
616 4477 664 4526 ‘lc
682 4473 713 4528 at
730 4471 754 4526 b.
792 4469 822 4528 0.
836 4469 894 4544 W.]
