3282 5076
301 363 368 434 244
519 381 773 432 auruouoomu
798 382 951 430 marma
975 381 1233 430 ooaouuuarvu.

301 523 394 610 faeti,
418 525 473 590 sed
496 525 582 611 puri:
606 524 693 610 quod
715 525 874 610 reliquum
898 529 961 610 est,
983 546 1042 590 nee
1064 523 1267 610 intellegitur
1284 545 1342 590 nee
1361 546 1449 590 men·

301 655 411 698 suram
435 633 550 717 explet.
580 631 688 717 Atque
712 634 747 698 in
769 633 969 718 paenultima
991 653 1069 698 vooe
1093 631 1147 697 rix
1166 631 1351 696 dubitamus
1371 632 1449 716 quin
1499 725 1506 736 .

300 739 498 805 reconditior
524 737 631 805 forma
654 737 898 804 AEVITIIRNI
926 740 1041 806 lateat:
1068 736 1367 804 DIVINIVISEST
1394 738 1450 803 lit—

300 850 386 912 teras
410 849 467 911 aut
489 845 634 912 fallimur
661 850 718 912 eut
744 847 954 932 interpretari
981 869 1077 931 posse
1105 845 1201 910 DIVI
1228 841 1448 910 INVIDIINT

301 953 455 1038 videmur,
477 954 558 1020 sotis
578 955 618 1020 ad
637 955 831 1020 sententiam
852 954 1114 1019 accommodate..
1135 951 1198 1018 Sed
1213 952 1330 1017 minuit
1343 974 1448 1017 emen-

300 1059 397 1124 dandi
424 1059 667 1145 confidentiam,
698 1061 784 1145 quod
814 1060 861 1126 ita
889 1083 966 1126 seno
994 1059 1177 1125 accusativo
1208 1081 1289 1144 opus
1320 1063 1383 1142 est,
1411 1063 1449 1124 ut

299 1187 390 1232 usura
413 1167 464 1232 vel
487 1169 588 1240 uilem
611 1169 661 1232 vel
685 1169 781 1233 lacem
804 1169 855 1234 vel
879 1169 987 1254 aliquo
1011 1167 1121 1232 simili.
1160 1167 1274 1246 Qualis
1297 1167 1326 1230 si
1349 1167 1448 1232 inter-

300 1273 414 1339 cidisse
434 1273 520 1339 oredi
544 1275 612 1339 sine
636 1274 736 1340 nimia
754 1274 890 1340 audacia
908 1278 1026 1360 potest,
1048 1273 1130 1340 nihil
1149 1273 1294 1357 profesto
1314 1273 1353 1338 ad
1373 1296 1448 1340 eon·

300 1379 488 1446 eiuuitatem
511 1382 634 1447 talibus
658 1381 693 1446 iu
716 1383 883 1447 versieulis
907 1380 1158 1467 desiderabis*):

432 1505 521 1571 Vixi
544 1507 680 1572 beatus
705 1507 778 1592 dis,
802 1507 952 1591 amieis,
974 1505 1117 1573 literis.

432 1611 564 1680 Manes
588 1613 775 1682 colamus:
797 1635 960 1699 namque
983 1614 1134 1698 opertis
1158 1611 1335 1678 manibus
1414 1673 1423 1687 .

432 1719 522 1786 Diui
545 1721 723 1788 inuideat
744 1741 851 1788 usum
874 1720 1068 1787 aeuiterni
1091 1719 1287 1804 temporis.

387 1861 510 1928 Verum
542 1885 615 1929 eum
647 1863 728 1929 haee
761 1885 843 1948 quae
874 1863 1122 1948 perrrtrinximu
1149 1861 1184 1926 iu
1211 1859 1448 1946 Anthologiam

299 1968 444 2034 nondum
467 1973 597 2054 recepta
620 1967 711 2057 (nam
731 1969 794 2036 hue
813 1974 943 2054 recepta
961 1969 1110 2035 consulto
1129 1991 1170 2034 ne
1189 1969 1358 2054 attigimus
1376 1969 1447 2053 qui-

299 2073 395 2161 dem),
418 2079 489 2142 tum
513 2075 578 2142 alia
601 2077 722 2142 similia
746 2099 828 2163 quae
851 2099 936 2144 nuno
959 2077 1060 2142 missa
1082 2077 1234 2161 facimus,
1265 2075 1344 2141 reati
1368 2075 1447 2141 levi-

299 2181 411 2248 densia
437 2185 513 2248 sunt
540 2205 617 2267 prae
647 2183 719 2248 aliis
747 2183 857 2269 paullo
888 2185 1046 2269 ampliore
1079 2185 1203 2250 ambitu
1235 2182 1447 2248 notabilibus.

299 2287 369 2366 Quo
392 2290 426 2354 iu
449 2307 566 2374 genere
589 2311 655 2355 uon
678 2311 782 2373 pauca
803 2311 888 2356 nune
915 2293 972 2354 aut
998 2289 1209 2356 innotuerunt
1238 2293 1294 2356 aut
1321 2311 1446 2373 perere-

298 2395 455 2462 brueruirt
482 2396 649 2481 praeclara
675 2394 869 2462 Mommseni
898 2419 996 2482 opera
1023 2397 1057 2462 iu
1086 2397 1191 2462 titulis
1219 2395 1447 2480 Neapolitanis

298 2505 419 2590 posita:
443 2506 527 2570 inter
549 2527 630 2590 quos
654 2505 849 2591 antiquitate
868 2527 928 2570 sua
941 2504 1127 2570 Venusinus
1146 2503 1202 2568 iIIe
1222 2503 1286 2568 733
1306 2499 1355 2584 [O.
1371 2502 1396 2569 L
1411 2502 1446 2568 L.

298 2611 314 2674 I
336 2633 367 2677 11.
389 2604 487 2694 1267]
514 2613 647 2697 eminet,
677 2634 771 2696 quem
800 2615 833 2676 et
856 2611 923 2676 suis
946 2611 1088 2676 numeris
1111 2610 1293 2675 restituisse
1316 2613 1349 2673 et
1372 2631 1446 2674 oum

299 2718 408 2804 aliqua.
429 2719 660 2804 probabilitate
685 2719 884 2804 supplevisse
907 2719 1053 2785 videmur
1075 2742 1107 2804 p.
1129 2715 1285 2800 XXXIII,
1308 2717 1446 2801 profecti

299 2824 339 2888 ab
363 2825 410 2889 eis
434 2847 514 2909 quae
537 2824 576 2889 de
604 2825 660 2889 illo
687 2825 774 2890 diota
800 2829 894 2891 erant
923 2826 958 2890 in
981 2824 1140 2890 Gerhardi
1168 2825 1256 2890 Diar.
1284 2823 1446 2888 arohaeol.

298 2929 346 2995 IV
369 2954 399 3015 p.
419 2931 498 2995 333:

433 3054 517 3134 Quae
538 3056 653 3139 serapte
674 3061 748 3121 suot
768 3053 860 3142 Ialeie,
883 3057 930 3122 sei
954 3057 1046 3142 legis,
1068 3080 1108 3123 ne
1132 3057 1305 3143 uituperes.

530 3211 802 3230 ......
824 3165 891 3246 a]us
915 3163 949 3229 L.
972 3163 994 3228 f.
1017 3164 1139 3230 Praeuo

430 3253 669 3334 Monumentum
688 3271 762 3352 feeit
783 3271 883 3353 ipsu]s
908 3276 1074 3338 aeternum
1097 3271 1159 3336 hoe
1183 3271 1273 3338 sibei.

430 3374 535 3440 Scaeas
556 3382 714 3442 aeteruum
735 3378 832 3460 Iruud]
856 3401 936 3464 esse,
959 3379 1044 3465 quod
1066 3383 1183 3445 natura
1205 3381 1303 3464 erait,

430 3483 543 3567 Laride
563 3487 646 3550 suas
667 3489 768 3568 usust]
793 3487 889 3552 rebus
913 3510 953 3552 eu
976 3487 1126 3552 ameioeis
1150 3487 1245 3551 sueis.

430 3589 484 3656 Sic
506 3598 540 3657 ta
562 3594 638 3658 tuee's
660 3595 791 3676 malt]os
816 3617 918 3660 annos
941 3599 1065 3660 uterus.
1095 3593 1174 3659 uale.

298 3711 390 3789 Quod
413 3715 541 3799 quidem
559 3718 757 3802 poematium
777 3739 815 3783 eo
834 3719 971 3785 oonsilio
991 3719 1095 3785 denuo
1114 3718 1360 3803 perscripsimus
1380 3717 1444 3783 hoe

296 3822 377 3906 loeo,
400 3825 438 3886 ut
460 3822 541 3888 alios
565 3824 606 3888 ad
628 3824 754 3890 felieius
778 3825 1012 3892 emendandum
1035 3848 1163 3892 versum
1187 3829 1336 3910 quartum
1359 3824 1442 3890 invi·

295 3932 453 4014 teramus,
482 3931 515 3994 in
549 3932 638 3996 ouiris
666 3933 730 3998 fine
760 3939 836 4017 post
858 3932 1042 4000 NATVRA
1070 3955 1190 4020 vocem·
1206 3932 1293 3997 Tua
1321 3933 1442 3998 laetum

296 4042 346 4101 est
369 4059 389 4102 a
411 4037 602 4104 Corsiniauo
625 4045 659 4106 et
682 4039 830 4126 Cimolia,
853 4041 911 4107 ΤΒ
932 4043 973 4108 ab
992 4041 1157 4128 Aegyptio
1176 4040 1443 4126 Mommssnoque

296 4144 432 4231 ipso.**)
470 4143 534 4210 Sed
557 4147 657 4212 etiam
680 4148 714 4212 in
737 4149 940 4234 superiorum
964 4149 1166 4216 saeculorum
1188 4147 1350 4213 thesauris
1374 4149 1442 4232 epi-

295 4269 507 4280 ι--ι-.-..----.-Ι

294 4408 313 4461 d
383 4321 410 4390 *)
429 4321 513 4392 [Vide
539 4322 612 4378 iolra
634 4341 661 4393 p.
681 4323 734 4378 XII
752 4325 815 4396 (250
829 4327 881 4395 sq.)
905 4327 934 4380 et
954 4342 981 4395 p.
997 4325 1060 4380 xlv
1079 4329 1142 4394 (252
1157 4326 1209 4393 aq.)
1229 4323 1321 4378 ‘eurus
1344 4340 1442 4378 seeun-

314 4409 366 4464 ιε’.
404 4410 433 4464 C.
448 4409 504 4481 W.]

366 4499 408 4567 e)
427 4499 512 4568 [vus
535 4519 607 4556 nune
631 4503 660 4555 Ρ.
680 4503 711 4557 a.
731 4501 768 4556 u.
788 4501 819 4556 a.
842 4502 900 4559 aa.
920 4501 1019 4556 orum
1033 4503 1075 4572 A,
1107 4502 1157 4557 uu
1183 4502 1212 4557 in
1241 4502 1323 4557 unius
1345 4503 1442 4574 ectypa
1479 4491 1483 4496 ’
