3216 5082
286 401 351 465 448
397 417 444 464 nn
469 417 733 466 naonruamons
758 417 903 477 qvnnnn
926 415 1054 463 aarum
1077 413 1351 462 nsconnrrrons.

285 556 457 624 Ἀνάλεκτα
480 556 596 646 (1872)
619 560 686 639 τόμ.
708 561 736 624 a
758 582 789 643 p.
809 559 897 640 38η.
942 555 1065 623 Contra
1084 557 1277 641 antiquioris
1301 556 1434 641 linguae

284 665 459 750 vestigium
484 667 600 732 inille
623 666 838 732 declinatione
862 667 1010 732 relictum
1029 665 1164 729 Rossius
1188 663 1326 747 putabat
1349 664 1432 728 eius-

284 793 344 856 que
373 774 553 838 sententiae
581 795 746 838 suasorem
776 773 910 837 eundem
934 772 1025 837 illum
1049 771 1187 838 Coraem
1215 769 1344 836 habuit:
1377 771 1434 854 qui

257 895 358 943 tcum
381 880 402 945 l.
416 903 441 945 s.
456 903 480 945 s.
503 885 573 944 tum
597 880 669 945 adn.
693 881 728 945 in
746 879 914 944 Plutarchi
929 878 1083 944 Πολιτικά
1096 901 1126 962 p.
1140 877 1202 942 153
1223 883 1256 942 et
1276 878 1309 941 in
1331 877 1431 942 vitam

284 983 402 1049 Thesei
425 1008 455 1069 p.
474 986 539 1050 364
565 1009 634 1052 non
661 991 789 1051 tantum
814 1008 831 1050 e
854 985 1043 1050 Plutarchia
1073 988 1180 1049 aetate
1212 983 1432 1048 breviaturum

283 1091 461 1156 formarum
483 1093 613 1159 illarum
633 1117 726 1159 usum
749 1093 882 1178 repetiit
903 1077 1057 1176 exemplis
1076 1091 1210 1156 adscitis
1225 1093 1336 1156 Σθένις
1355 1092 1432 1156 Σθέ-

284 1218 360 1278 νιος,
385 1198 498 1278 Βάκχις
518 1200 652 1280 Βάκχιος
670 1201 848 1280 nominum,
871 1198 927 1262 sed
950 1196 1086 1263 eundem
1111 1198 1151 1262 ad
1171 1196 1433 1282 antiquissimam

284 1307 426 1369 aetatem
445 1305 653 1370 Homericam
676 1305 803 1370 rettulit
828 1304 944 1384 Χρόμις
970 1303 1106 1383 Χρόμιος
1130 1304 1308 1369 formarum
1322 1304 1433 1368 varie-

284 1410 386 1472 tatem
409 1412 601 1475 antestatus.
629 1409 729 1476 Ouius
753 1409 899 1495 vestigiis
917 1409 1107 1475 insistentes
1121 1409 1317 1475 Letronnius
1336 1413 1433 1493 atque

284 1513 410 1581 Keilius
438 1517 550 1582 affinia
579 1518 770 1583 addiderunt
799 1518 945 1596 Νύμφιος
975 1517 1113 1596 Νύμφις,
1146 1515 1283 1596 Ἄμφιος
1306 1516 1433 1596 Ἄμφις,

284 1623 406 1702 Δήμιος
430 1627 547 1706 Δᾶμις,
574 1627 757 1704 Πολύμνιος
780 1623 943 1704 Πύλυμνις
967 1625 1157 1705 [potuerunt
1180 1623 1279 1687 etiam
1298 1623 1434 1689 Λούκιος

283 1729 410 1796 Λοῦκιςε
443 1732 482 1797 cf.
506 1731 611 1798 Musei
637 1730 742 1796 Rhen.
764 1730 843 1796 XIX
870 1753 900 1814 p.
925 1729 990 1794 250
1018 1730 1091 1794 adn.
1114 1728 1158 1808 21.
1209 1729 1330 1794 Verum
1357 1729 1434 1795 huic

283 1836 525 1902 ratiocinationi
558 1838 743 1903 admirabili
777 1861 840 1922 qua
871 1836 975 1920 pollet
1007 1836 1155 1901 doctrina
1183 1835 1363 1901 Lobeckius
1388 1872 1430 1883 —

284 1944 382 2020 μέγας
402 1947 579 2022 μεγαλωςτί
598 1982 633 1992 ·-
652 1944 841 2009 adversatus
855 1942 982 2008 Pathol.
999 1965 1092 2008 serm.
1109 1942 1163 2008 Gr.
1180 1943 1434 2028 prolegomenon

200 2063 206 2074 ·
284 2072 314 2131 p.
334 2050 400 2114 500
418 2071 486 2135 sqq.
510 2051 572 2116 etsi
597 2051 630 2115 in
654 2073 692 2116 eo
716 2072 786 2115 csse
809 2051 930 2114 nimius
949 2049 1085 2134 videtur,
1108 2048 1193 2134 quod
1213 2050 1248 2113 in
1266 2050 1433 2134 lapidibus

283 2154 414 2238 prodita
433 2155 578 2239 exempla
597 2157 714 2238 omnia,
733 2176 814 2239 quae
834 2155 1041 2220 manifestam
1059 2178 1137 2239 prae
1157 2179 1190 2220 se
1210 2155 1293 2220 ferre
1312 2156 1434 2240 plebeii

285 2263 441 2327 sermonis
466 2263 683 2347 corruptelam
706 2263 910 2348 pronuntiat,
932 2262 993 2327 hili
1016 2285 1081 2327 nou
1104 2263 1191 2347 facit,
1219 2266 1328 2328 tamen
1351 2263 1433 2327 illud

284 2366 412 2434 facilius
431 2368 651 2454 persuadebit,
674 2369 753 2434 satis
773 2391 906 2434 caussae
928 2391 993 2433 non
1017 2391 1088 2434 esse
1112 2391 1168 2434 our
1190 2369 1293 2453 ipsius
1309 2371 1433 2450 Asturco

283 2473 418 2540 formae·
437 2477 558 2541 vicaria
584 2476 743 2541 habeatur
767 2499 826 2542 nee
853 2476 916 2541 nisi
945 2477 1036 2540 illinc
1059 2476 1269 2560 potissimum
1298 2475 1435 2542 ducatur

284 2582 399 2667 Δῆμις,
427 2605 499 2648 cum
523 2607 561 2649 ex
584 2606 649 2648 una
672 2588 734 2664 bqp
757 2584 859 2668 stirpe
883 2587 916 2647 et
930 2585 1032 2662 Δῆμις
1052 2586 1085 2646 et
1108 2585 1231 2662 Δήμιος
1254 2585 1287 2647 et
1307 2584 1433 2664 Δημίας

283 2692 316 2752 et
338 2691 469 2770 Δημέας
491 2691 629 2757 nomina
653 2692 747 2774 fiant,
778 2691 851 2774 pari
879 2693 911 2753 et
938 2689 1006 2754 iure
1035 2692 1068 2753 et
1096 2688 1255 2772 dignitate
1279 2691 1433 2776 omnium,

283 2795 362 2859 item
386 2801 422 2861 ut
445 2796 567 2863 Ἄλεξις
591 2795 730 2862 Ἀλεξίας
754 2795 892 2862 Ἀλέξιος
917 2795 967 2860 vel
987 2795 1150 2875 Πόλυμνις
1169 2795 1342 2875 Πόλυμνος
1365 2799 1432 2862 Πο-

285 2901 422 2978 λύμνιος.
450 2903 535 2968 Nam
557 2902 597 2966 ad
617 2924 655 2966 ea
673 2923 799 2986 quoque
819 2901 962 2984 nomina,
984 2923 1066 2986 quae
1089 2904 1123 2964 in
1141 2906 1191 2966 ῶς
1210 2906 1336 2987 exeunt,
1359 2925 1434 2968 ean·

285 3007 410 3072 demde
430 3031 493 3093 qua
511 3009 564 3073 hic
584 3013 839 3073 commentamur
857 3007 1112 3072 contractionem
1127 3008 1286 3073 vocalium
1304 3013 1435 3074 constat

285 3112 484 3180 Boeckhium
513 3138 585 3180 cum
609 3115 791 3200 pedisequis
822 3115 1045 3198 transtulisse,
1078 3115 1249 3180 titulorum
1277 3117 1432 3201 exemplis

283 3243 359 3287 usos
388 3220 551 3288 ΑΡΙΣΤΙΣ
583 3220 700 3287 ΙΠΠΙΣ
728 3220 866 3288 ΦΙΝΤΙΣ
896 3223 1011 3300 ΝΙΚΙΝ,
1048 3243 1254 3287 nummorum
1282 3221 1432 3308 ΣΩΣΙΣ,

284 3328 479 3414 scriptorum
503 3330 615 3395 Τέλλις
636 3330 733 3414 Τῐςις,
758 3329 843 3394 aliis:
868 3329 953 3414 quod
977 3348 1077 3412 genus
1102 3329 1255 3412 quoniam
1279 3328 1320 3394 ad
1342 3329 1431 3394 Lati-

283 3459 342 3502 nas
361 3437 489 3501 litteras
509 3436 592 3500 nihil
610 3437 760 3521 pertinet,
782 3436 835 3500 hic
854 3435 1002 3520 tetigisse
1022 3434 1102 3499 satis
1122 3435 1286 3501 habemur.
1309 3435 1430 3502 Verum

284 3544 491 3628 quantumvis
515 3545 582 3610 aori
603 3542 757 3609 Lobeckii
781 3542 1001 3627 disputatione
1025 3542 1105 3605 illud
1128 3545 1238 3607 tamen
1261 3543 1430 3610 vehemen-

283 3655 334 3715 ter
357 3671 506 3717 veremur
529 3654 565 3715 ut
589 3651 737 3716 effectum
761 3650 812 3734 sit,
836 3652 873 3713 ut
892 3669 1002 3713 eorum
1024 3669 1159 3733 quoque,
1181 3671 1263 3733 quae
1287 3651 1358 3717 solo
1382 3655 1431 3715 ἰὀς

283 3761 337 3822 sev
360 3761 393 3823 et
417 3763 444 3824 ιῖ
467 3759 497 3818 ῆι
526 3759 727 3841 syllabarum
755 3755 939 3821 discrimine
967 3755 1184 3837 continentur,
1211 3759 1305 3822 tanta
1333 3780 1432 3842 quan·

283 3868 351 3929 tam
376 3887 474 3949 supra
497 3865 717 3950 congessimus
741 3863 913 3928 multitudo
944 3861 983 3927 ad
1012 3863 1146 3927 eandem
1174 3863 1335 3928 rationem
1356 3884 1429 3948 pro·

284 3970 439 4036 babiliter
467 3973 644 4036 revocetur.
693 3969 769 4036 Non
795 3969 900 4034 habeo
929 3969 1013 4054 quod
1043 3970 1159 4034 addam
1190 3968 1305 4034 fortius
1334 3993 1430 4056 quam

284 4077 380 4143 fidem
398 4077 431 4142 id
455 4098 618 4161 superare:
651 4077 723 4161 quis
753 4077 852 4160 enim,
879 4079 1052 4160 postquam
1083 4097 1140 4160 per
1169 4076 1273 4141 multa
1301 4077 1430 4142 saecula

284 4183 371 4249 solas
404 4183 621 4249 Ἀπολλώνιος
650 4181 833 4262 Ἀςκληπιός
866 4183 1048 4263 Δημήτριος
1081 4181 1275 4262 Φιλημάτιον
1306 4183 1430 4248 formas

284 4290 396 4375 lingua
419 4295 452 4355 et
473 4293 609 4356 noverat
631 4293 664 4354 et
686 4288 896 4374 probaverat,
920 4287 1054 4352 eandem
1078 4288 1143 4352 iam
1167 4288 1430 4373 languescentem

284 4397 394 4461 credat
418 4397 457 4460 ad
480 4397 598 4462 horum
620 4397 787 4461 nominum
811 4396 946 4480 stirpem
969 4415 1132 4459 reversam
1152 4397 1319 4478 tamquam
1338 4396 1430 4464 novis

284 4503 407 4567 viribus
431 4504 606 4587 assumptis
629 4525 730 4568 noves
754 4503 876 4568 formas
899 4502 1109 4586 procreasse?
