3282 5076
305 332 369 398 208
451 347 598 396 r1rvnvs
623 347 812 398 couvuuaa
837 351 1042 398 aosrnsrsn
1067 351 1305 398 ovsnnnnaa.

305 488 431 555 Zonara
448 490 597 556 tradunt:
620 493 762 576 tertium,
785 515 813 556 v.
832 494 872 558 18
898 497 1041 561 servatas
1060 491 1089 558 N
1095 491 1176 558 VOS
1195 493 1323 557 litteras
1347 493 1451 578 excipi

305 617 324 660 a
346 597 506 682 principio
531 597 574 682 D,
601 621 669 664 non
691 599 717 664 P
740 600 879 664 litterae.
923 599 975 664 Ab
999 599 1050 664 his
1079 599 1179 684 igitur
1206 599 1355 664 omnibus
1379 621 1450 680 pro-

304 703 407 768 fectus
431 704 518 770 haud
542 707 607 771 scio
636 729 679 771 an
707 707 945 792 redintegratae
973 706 1105 770 tabulae
1128 704 1213 790 qnod
1243 705 1334 770 iuxta
1357 705 1451 790 posui

305 811 486 894 exemplum
510 835 583 878 cum
603 815 710 899 aliqua
728 813 846 879 fiducia
865 814 1090 880 commendare
1108 812 1218 876 liceat:
1241 813 1275 877 in
1295 834 1357 898 quo
1377 835 1450 878 con·

304 917 463 983 cinnando
487 918 734 1004 antiquioribus,
757 943 838 1005 quae
862 920 992 1005 quidem
1016 920 1115 985 alicui
1138 920 1211 985 usui
1235 924 1353 1004 essent,
1377 942 1451 1003 sup-

305 1023 478 1106 plementis
501 1027 621 1108 partim
644 1031 757 1094 nostra
780 1029 900 1112 partim
923 1027 1181 1116 Mommseniana
1206 1028 1389 1111 ascivimus,
1418 1028 1452 1091 in

305 1130 355 1196 his
379 1136 488 1198 autem
510 1132 574 1198 duo
596 1134 655 1198 illa
681 1135 776 1200 utilia
803 1135 979 1220 imprimis,
1017 1136 1134 1220 quibus
1162 1136 1295 1201 tertium
1323 1155 1451 1200 versum

305 1235 525 1334 Mommsenus
550 1241 666 1321 QVE]
677 1277 682 1288 ·
698 1239 813 1306 POST
823 1276 829 1288 ·
845 1241 958 1306 DIES
989 1242 1121 1307 vocibus
1149 1241 1350 1326 terminavit,
1382 1263 1451 1306 vor·

306 1344 356 1408 sui
382 1347 422 1410 15
447 1345 583 1412 OMNE
603 1348 796 1413 vocabulum
820 1349 980 1432 praefixit.

394 1451 431 1516 In
459 1453 596 1539 singulis
626 1454 813 1520 enarrandis
842 1455 1112 1540 defendendisque
1144 1457 1220 1522 nolo
1251 1457 1304 1520 hic
1334 1455 1452 1540 longus

306 1580 384 1624 esse.
435 1559 474 1624 Iu
506 1559 666 1644 principio
703 1561 909 1645 potissimum
947 1563 1018 1627 aliis
1057 1585 1183 1648 quoque
1221 1563 1453 1648 supplementis

306 1667 412 1732 locum
432 1688 586 1732 essenon
606 1689 656 1733 me
675 1669 776 1754 fugit:
799 1669 1015 1736 incertissima
1038 1691 1108 1735 esse
1133 1669 1200 1735 scio
1224 1691 1306 1754 quae
1330 1670 1364 1734 in
1381 1670 1454 1754 fine,

305 1777 434 1840 tantum
456 1778 494 1840 ut
516 1775 648 1860 aliquod
672 1777 854 1861 exemplum
884 1781 1040 1862 exstaret,
1070 1777 1199 1842 adiecta
1227 1779 1312 1842 sunt.
1348 1773 1454 1840 Versu

308 1882 349 1946 14
372 1883 399 1946 si
424 1879 557 1968 (00100)
586 1905 737 1948 numerus
766 1887 816 1948 ter
844 1885 969 1968 positus
998 1884 1074 1968 fuit,
1111 1885 1197 1949 idem
1229 1885 1263 1950 in
1296 1883 1453 1968 proximis

308 1987 419 2052 15.16
442 1989 493 2053 vel
517 1989 635 2054 viciens
658 1991 781 2054 octiens
805 1991 856 2054 vel
881 1991 1002 2056 viciens
1025 1991 1160 2055 noviens
1182 1991 1392 2074 sequebatur:
1426 1990 1454 2052 si

306 2097 428 2179 quater,
447 2095 578 2160 triciens
598 2101 634 2160 ut
655 2097 794 2162 videtur:
818 2096 1011 2180 quinquiens
1031 2097 1187 2180 repetitus
1206 2097 1326 2162 nimius
1346 2096 1454 2179 fucrit,

306 2221 500 2287 quamquam
524 2223 589 2267 non
614 2201 699 2267 desit
721 2202 870 2286 spatium.
905 2199 1058 2282 [Versum
1081 2202 1119 2264 16
1144 2223 1215 2266 sero
1240 2201 1333 2267 video
1353 2203 1452 2266 etiam

306 2308 424 2375 rectius
447 2309 494 2374 sic
516 2309 697 2374 terminari:
720 2307 1037 2390 loru-Avnonq
1086 2309 1124 2374 In
1148 2305 1452 2382 ARGENJOQVE

306 2435 334 2478 v.
355 2415 394 2479 17
419 2437 487 2480 non
510 2437 655 2481 servasse
679 2416 819 2500 scriptor
841 2416 864 2480 d
885 2416 1028 2480 litteram
1051 2415 1177 2478 videtur
1204 2417 1241 2477 ut
1264 2414 1297 2478 in
1322 2436 1453 2497 compo·

306 2520 370 2586 sito
394 2522 565 2606 vocabulo,
598 2523 632 2587 in
661 2544 724 2607 quo
752 2522 850 2588 nimis
879 2543 1029 2606 asperum
1057 2542 1246 2586 concursum
1275 2541 1452 2586 consonan-

306 2628 389 2693 tium
417 2629 651 2694 reformidaret
700 2625 864 2710 [Ceterum
897 2629 1010 2694 eodem
1044 2627 1182 2693 fortasse
1210 2627 1279 2690 iure
1306 2629 1453 2711 poteram

309 2735 563 2814 DIVTORNOD
601 2735 818 2801 OPSEDIOD
857 2733 1037 2800 OPEDOM
1075 2731 1272 2798 POPLVon
1314 2735 1454 2800 scribere

307 2865 335 2906 v.
357 2844 383 2907 1.
407 2844 437 2909 2.
460 2845 490 2908 4.
518 2843 556 2907 19
581 2849 613 2907 et
637 2845 665 2908 si
689 2864 770 2928 quae
794 2846 869 2908 sunt
892 2839 1035 2917 similia]

395 2947 443 3014 De
466 2949 605 3014 historia
628 2952 736 3014 autem
767 2949 967 3014 monumenti
996 2947 1149 3032 quoniam
1178 2949 1337 3032 quaedam
1365 2948 1452 3013 inda-

306 3076 383 3140 gare
399 3055 501 3134 ,licuit
522 3057 631 3140 paullo
656 3057 883 3138 reconditiora,
907 3055 953 3121 sic
972 3055 1082 3139 paucis
1102 3054 1246 3138 accipite.
1280 3055 1324 3119 Et
1339 3053 1453 3131 Quinc-

255 3161 442 3225 rutilianus
470 3162 597 3245 quidem
626 3163 775 3228 dubitare
807 3162 909 3228 nolite
937 3162 1016 3246 quin
1049 3183 1113 3226 uon
1145 3159 1243 3226 aliam
1276 3162 1339 3226 nisi
1371 3162 1454 3226 hauc

308 3269 412 3352 ipsam
436 3269 678 3353 inscriptionem
702 3269 753 3334 his
777 3269 884 3334 verbis
904 3267 992 3334 dicat
1013 3268 1038 3352 l,
1059 3269 1087 3351 7,
1110 3269 1164 3332 12:
1188 3267 1236 3332 ‘ut
1252 3267 1377 3333 Latinis
1400 3290 1453 3332 ue·

306 3375 430 3440 teribus
455 3374 484 3439 D
507 3376 658 3461 plurimis
682 3377 716 3442 in
740 3378 847 3442 uerbis
872 3375 998 3440 adiectu
1022 3377 1065 3440 acl
1087 3375 1249 3459 ultimum,
1277 3376 1362 3460 quod
1388 3397 1453 3439 ma-

307 3481 461 3546 nifastum
485 3487 536 3548 est
559 3483 658 3547 etiam
681 3505 719 3547 ex
743 3483 893 3548 columna
911 3485 1053 3546 rostrata
1072 3501 1153 3564 quae
1173 3485 1223 3546 est
1238 3477 1272 3546 O.
1287 3479 1397 3546 Duilio
1420 3481 1454 3546 iu

307 3589 378 3654 foro
406 3587 534 3673 posia?
585 3587 648 3665 Qui
677 3589 705 3654 si
732 3592 867 3655 noverat
899 3589 1114 3652 instauratam
1142 3587 1269 3672 haberi,
1301 3591 1386 3652 certo
1414 3587 1453 3651 ad

308 3695 402 3760 fidem
430 3695 636 3780 antiquitatis
665 3696 880 3762 instauratam
911 3695 1063 3780 putabat,
1093 3716 1152 3760 nec
1182 3695 1327 3780 profecto
1356 3715 1393 3760 ea
1420 3693 1453 3758 iu

308 3801 370 3866 hoc
393 3823 510 3888 genere
534 3801 584 3866 vel
608 3823 686 3866 cura
709 3801 760 3867 rel
782 3801 929 3866 doctrina
948 3801 1011 3865 fuit
1030 3805 1066 3866 ut
1086 3823 1105 3865 a
1123 3800 1249 3866 sincera
1268 3801 1453 3866 affectatam

308 3909 536 3995 antiquitatem
560 3913 646 3972 recte
665 3908 867 3973 discerneret.
896 3905 945 3972 De
965 3907 1094 3992 prodita
1112 3927 1150 3970 ex
1169 3907 1240 3990 ipsa
1259 3906 1454 3991 antiquitate

308 4017 459 4082 columna
483 4015 668 4097 Duelliaua,
701 4013 794 4099 ‘quae
824 4019 874 4080 est
901 4015 999 4079 etiam
1028 4035 1111 4078 nunc
1141 4013 1173 4077 in
1197 4011 1291 4097 foro’,
1322 4033 1387 4076 non
1416 4011 1453 4075 de

308 4123 517 4207 inscriptione
541 4123 709 4186 columnae
724 4120 847 4186 Plinius
871 4122 1014 4206 loquitur
1032 4120 1107 4186 Nat.
1126 4120 1203 4185 hist.
1217 4117 1357 4183 XXXIV
1376 4118 1455 4198 §20

309 4227 378 4294 sill.
419 4228 611 4294 Falsieeima
633 4228 762 4293 miscuit
785 4231 861 4313 post
883 4229 966 4294 alios
991 4225 1191 4292 Niebuhrius
1215 4226 1248 4290 in
1273 4225 1391 4290 scholis
1416 4225 1454 4288 de

308 4335 448 4399 historia
466 4333 614 4402 Romana
633 4333 755 4400 habitis
780 4339 801 4398 t
820 4335 853 4398 ll
877 4357 906 4418 p.
927 4335 977 4400 25.
1010 4331 1206 4398 Nostrorum
1226 4335 1334 4394 autem
1354 4331 1453 4396 maio-

310 4463 379 4505 rum
404 4441 559 4506 menroria
584 4445 755 4525 postquam
781 4443 897 4506 mutila
920 4439 1141 4523 inscriptionis
1164 4437 1278 4502 tabula
1301 4435 1390 4522 (nam
1416 4438 1455 4502 de
