3246 5082
447 407 565 457 rocas
590 408 787 458 snrvauran
811 407 1045 460 srrernscrvn.
1255 393 1319 458 307

175 551 314 635 receptis
338 573 421 636 quae
445 573 543 638 supra
561 552 683 636 scripta
707 556 800 618 erant
822 552 856 616 in
879 551 1050 618 verborum
1075 552 1322 618 continuitatem

175 659 274 723 simul
297 663 447 744 serpente
466 680 574 725 errore
594 660 643 724 vel
662 663 783 725 temere
802 659 976 724 traicerent
995 660 1154 726 vocabula
1171 660 1222 726 rel
1241 659 1321 725 osci-

174 769 284 830 tanter
311 789 393 851 quae
422 767 578 832 servanda
609 771 701 831 erent
729 767 1035 851 praetermitterent
1081 767 1231 844 Qualium
1254 771 1322 831 tur-

174 872 289 936 barum
320 872 375 957 qui
403 873 549 958 exempla
573 873 746 952 desideret,
775 873 927 940 Plautum
951 875 1092 940 evolvet:
1125 874 1251 940 affatim
1274 896 1322 940 re·
1426 943 1433 958 ,

173 980 289 1064 periet.
333 979 402 1044 Nec
426 1001 464 1044 ca
486 979 520 1044 in
549 980 735 1046 coniectura
762 981 883 1064 posita,
916 980 971 1046 sed
999 981 1146 1065 ipsorum
1175 980 1322 1046 dissensu

173 1085 321 1151 codicum
354 1089 548 1152 contestata:
582 1109 641 1152 nec
672 1087 887 1152 recentiorum
915 1090 1043 1154 tantum
1075 1087 1235 1172 codicum,
1267 1087 1321 1152 sed

172 1192 276 1276 ipsius
309 1192 536 1276 Ambrosiani,
573 1193 699 1258 modico
731 1193 886 1278 temporis
919 1193 1091 1259 intervallo
1124 1215 1144 1258 e
1174 1183 1343 1259 Gelliena'

174 1303 282 1364 aetate
312 1299 474 1364 distantis.
521 1299 611 1376 Quae
639 1301 747 1365 omnia
769 1322 842 1364 cum
870 1299 917 1364 ita
940 1300 1019 1385 sint,
1045 1322 1112 1366 non
1136 1299 1322 1366 dubitamus

173 1428 328 1471 versuum
346 1403 600 1471 Catonianorum
624 1405 710 1482 hunc
732 1407 798 1472 iere
821 1411 968 1472 tenorem
991 1407 1215 1473 commendare
1239 1405 1298 1494 (I):

265 1530 484 1596 Austritiam
508 1531 637 1596 omnia
660 1529 760 1596 uitia
782 1531 952 1596 ha-bere
976 1531 1230 1616 de‘putdbant:

264 1634 431 1721 Ouppes,
455 1639 716 1722 sumptudsus,
738 1675 761 1684 -
783 1639 957 1723 elegans,
980 1637 1136 1703 deliciis

263 1743 446 1809 Intentus
470 1741 538 1828 qui
557 1744 788 1828 habebitur,
809 1781 832 1790 -
854 1743 887 1809 1's
911 1745 1157 1810 laddabdtur.

173 1867 239 1932 Pro
262 1868 381 1933 delicias
403 1869 464 1932 etsi
488 1867 555 1932 alia
577 1868 611 1932 in
633 1872 787 1953 promptu
812 1872 901 1953 sunt,
930 1871 1040 1934 tamen
1063 1867 1103 1932 ad
1127 1869 1323 1934 sententiam

174 1975 285 2059 aptius
308 1997 373 2040 non
398 1975 565 2060 succurrit,
588 1997 660 2040 cum
684 1975 784 2041 latius
797 1969 923 2060 ¹patens
948 1976 1134 2041 deliciarum
1157 1977 1248 2042 notio
1273 1999 1323 2040 su·
1338 1997 1364 2036 u

174 2081 361 2166 pellectilis,
391 2081 573 2166 epularum,
602 2083 799 2166 saltationis,
827 2082 947 2148 amoris
970 2082 1172 2166 voluptatem
1196 2104 1324 2148 omnem

176 2187 439 2272 comprehendat.
480 2187 586 2252 Versu
615 2189 720 2273 primo
749 2190 935 2272 deputabant
964 2212 1021 2274 pro
1043 2189 1200 2274 putabant
1224 2189 1323 2254 etiem

174 2293 358 2360 Boeokhius
389 2295 541 2379 correxit,
573 2297 790 2381 corruptelam
817 2297 874 2362 ille
897 2297 1025 2382 quidem
1057 2295 1325 2380 agrammatico-

174 2423 246 2466 rum
272 2400 389 2490 studiis
414 2407 572 2487 repetens,
605 2402 722 2487 quibus
746 2404 916 2468 offensioni
939 2403 1040 2468 fuisse
1064 2402 1207 2468 insolens
1231 2424 1324 2468 voca·

176 2508 291 2571 bulum
315 2509 509 2592 suspicatur:
534 2509 617 2594 quod
641 2513 755 2574 contre
778 2510 873 2575 nobis
891 2509 988 2594 longe
1005 2508 1186 2592 simplicior
1209 2529 1324 2576 caussa

174 2615 425 2698 praetermissae
451 2617 488 2682 de
516 2616 662 2701 syllabae
690 2616 761 2681 visa
791 2619 841 2680 est
868 2617 902 2680 in
928 2636 962 2680 rc
984 2615 1167 2680 litterarum
1190 2615 1321 2699 propin·

176 2719 300 2804 quitate
325 2721 390 2786 sita
413 2744 492 2788 esse.

266 3005 419 3091 Superest
441 3011 478 3072 ut
499 3007 538 3072 de
562 3007 609 3072 eis
628 2901 869 3093 didatdrfftqbbe
893 3029 932 3072 ex
955 3005 1067 3072 eodem
1089 3007 1173 3073 libro
1191 3006 1323 3075 Catonis

177 3110 302 3178 Gellius
327 3114 374 3180 ait
398 3135 432 3178 se
451 3113 603 3198 ‘sparsim
622 3119 656 3178 et
673 3113 827 3180 intercise
846 3113 1129 3180 commeminisse'.
1159 3115 1188 3180 Ε
1207 3115 1324 3200 quibus

176 3219 257 3303 ipsis
281 3219 386 3284 verbis
410 3219 491 3284 satis
513 3221 609 3285 nobis
633 3221 746 3286 veniae
770 3225 920 3305 paratum
945 3226 1045 3306 esset,
1073 3221 1101 3285 si
1124 3221 1231 3286 minus
1254 3245 1325 3306 pro·

177 3347 270 3410 spere
294 3347 391 3410 quam
409 3327 443 3390 in
462 3325 566 3392 adhuc
584 3327 733 3392 tractatis
753 3327 970 3412 legitimorum
992 3325 1156 3391 restitutio
1175 3347 1324 3392 numero-

178 3455 250 3498 rum
270 3433 462 3498 succederet.
494 3431 540 3497 nt
561 3437 672 3498 tamen
694 3455 735 3498 ne
759 3433 798 3497 de
820 3433 873 3498 his
897 3433 1026 3517 quidem
1050 3433 1116 3497 ullo
1140 3431 1235 3497 modo
1255 3454 1325 3498 ease

177 3540 411 3624 desperandum
434 3539 570 3624 videtur,
593 3539 690 3605 modo
715 3561 798 3624 quae
822 3537 905 3604 ratio
930 3539 1016 3603 inter
1033 3537 1253 3623 fragmentum
1273 3539 1325 3604 de-

178 3648 297 3713 cimum
321 3651 355 3712 et
377 3645 457 3711 haec
479 3647 545 3712 trie
568 3669 650 3733 quae
674 3647 759 3712 infra
782 3645 876 3730 posui
894 3643 1112 3710 intercesserit
1133 3645 1167 3710 in
1191 3642 1325 3712 Catonis

177 3757 341 3838 poemate,
371 3759 458 3820 recte
480 3756 709 3840 perspicietur:
743 3755 856 3821 Vestiri
877 3755 913 3819 ia
933 3753 1002 3834 foro
1024 3752 1144 3818 bonate
1165 3773 1231 3819 mos
1252 3759 1326 3833 crat,

176 3859 262 3926 docti
283 3860 365 3942 qaod
385 3861 462 3926 sata
484 3867 558 3926 crat.
590 3881 680 3943 equos
698 3861 803 3926 cauas
821 3881 915 3943 quam
932 3879 1042 3942 aquas
1058 3859 1203 3925 caedant.
1230 3861 1326 3942 poeti»

177 3987 231 4032 cac
256 3968 337 4032 artie
362 3966 459 4034 bonos
485 3987 548 4032 aaa
575 3971 649 4034 crat
692 3967 813 4050 siqua
838 3969 874 4032 ia
900 3987 937 4032 ec
964 3989 997 4032 re
1018 3965 1158 4033 saecat
1182 3972 1240 4031 aar
1265 3987 1327 4033 sese

178 4075 222 4140 ad
242 4075 389 4140 conuicia
407 4074 596 4158 adplicabat,
616 4078 775 4156 prosector
794 4073 971 4139 uocabata.
1010 4071 1111 4138 Vides
1131 4093 1228 4157 quem
1246 4071 1327 4138 haec

178 4181 287 4266 prima
310 4181 416 4266 specie
443 4181 528 4246 inter
555 4201 589 4243 se
611 4181 771 4262 pugnent,
803 4179 889 4264 quod
917 4178 1025 4263 priore
1057 4177 1242 4263 fragmento
1269 4180 1326 4248 illo

178 4287 313 4354 laudata
335 4288 414 4353 olim
437 4309 507 4354 esse
526 4287 596 4352 rita
614 4287 814 4370 sumptuosa,
837 4286 970 4370 elegans
990 4288 1023 4348 et
1041 4283 1182 4350 delicata
1200 4285 1327 4372 dicitur,

78 4423 85 4435 ·
180 4393 253 4458 sola
274 4394 461 4478 improbata
483 4417 554 4460 esse
578 4391 726 4476 avaritia,
748 4391 799 4456 his
819 4396 929 4458 eutem
950 4392 1090 4456 maiores
1109 4394 1147 4456 ut
1164 4391 1251 4480 frugi
1269 4393 1326 4460 ho-

180 4499 283 4564 mines
307 4503 340 4564 et
362 4521 458 4584 parce
486 4499 752 4583 continenterque
782 4497 935 4583 degentes
965 4498 1202 4584 praedicantur
1245 4498 1326 4566 Con·

1111 4604 1166 4660 20*
