3246 5082
488 421 493 430 .
522 389 729 438 enrraoavn
753 391 1019 453 sarrovrssrurs.
1279 378 1343 444 269

198 527 336 592 sauboni
358 526 616 616 Buttmenniquo
639 533 957 617 percontatum:
981 535 1079 601 οὐδὲν
1101 537 1140 616 δὴ
1164 537 1344 616 θαυμαετόν

196 635 238 716 ἦν
259 631 320 722 (sie
335 633 422 704 Obie.
436 637 528 726 Vrb.)
551 642 627 706 τούε
651 644 808 708 παλαιοὺε
830 642 920 723 ἱερὰν
944 643 1120 724 ὑπολαβεῖν
1142 648 1201 709 τοῦ
1221 642 1343 723 Κρόνου

196 744 255 822 τὴν
283 742 394 823 χώραν
420 745 552 826 ταύτην,
586 748 644 814 τὸν
672 749 729 827 μὲν
758 749 895 830 δαίμονα
922 754 1040 818 τοῦτον
1067 750 1234 830 οἰομένου(
1263 748 1344 814 εῖναι

197 849 297 930 πάεηε
329 851 532 931 εὐδαιμονίαι
565 856 686 934 δοτῆρα
723 856 775 919 καὶ
806 859 1009 936 πληρωτὴν
1045 855 1240 938 ἀνθρώποιο,
1278 855 1342 922 εἴτε

198 956 321 1036 Κρόνον
343 958 444 1024 αὐτόν
467 962 517 1024 δεῖ
539 962 650 1026 καλεῖν
673 958 718 1026 ὼε
732 961 886 1042 Ἕλληνες
909 961 1056 1042 ἀξιοῡειν,
1081 963 1145 1032 εἴτε
1160 963 1343 1043 (ότουρνον

195 1063 240 1128 ὼε
262 1065 425 1145 Ῥωμαῖοι,
459 1069 563 1132 πᾶεαν
591 1068 626 1132 δὲ
655 1069 886 1149 περιειληφότα
916 1071 976 1150 τὴν
1007 1075 1065 1136 τοιῖ
1092 1069 1212 1156 κόεμοιι
1239 1071 1342 1152 φύειν,

195 1169 425 1272 ὁποτέρωεκόν
442 1193 490 1238 τιε
512 1173 653 1258 ὀνομάεῃ
677 1171 738 1260 (sic
757 1173 815 1241 Oh.
830 1175 883 1242 V.:
905 1198 966 1261 pro
990 1198 1053 1261 quo
1076 1176 1246 1263 vulgatum
1269 1177 1342 1244 όνο-

195 1277 287 1357 adcor
309 1300 350 1344 ne
374 1281 587 1363 grammatico
606 1280 735 1366 quidem
748 1280 949 1348 Buttmanno
968 1281 1157 1371 displicuit).
1183 1283 1249 1348 Vbi
1268 1307 1342 1350 cum

195 1384 236 1449 ad
261 1385 384 1464 Κρόνον
407 1385 606 1472 adscriptum
635 1393 722 1456 esset
749 1389 790 1454 eb
819 1389 996 1473 interprete
1021 1388 1143 1468 Κρόνον
1170 1392 1189 1470 ἢ
1215 1389 1341 1470 Χρόνον

195 1487 261 1582 (vel
286 1491 409 1571 Κρόνον
432 1491 497 1559 εἴτε
520 1493 668 1580 χρόνον),
699 1496 794 1581 pulso
823 1496 862 1561 de
891 1496 964 1562 sede
995 1519 1054 1562 sua
1081 1497 1184 1562 latino
1211 1497 1341 1574 nomine¹

193 1597 315 1681 prodiit
343 1597 429 1684 quod
457 1621 541 1666 nune
573 1605 624 1666 est
655 1601 690 1667 in
717 1602 882 1670 codicibus
915 1601 978 1670 εἴτε
1012 1601 1133 1683 χρόνον
1276 1602 1340 1670 εἴτε

193 1705 311 1785 κρόνον
335 1706 379 1772 ὼε
402 1704 547 1786 ρωμαῖοι.
592 1705 779 1794 Faventque
810 1709 840 1776 ei
863 1710 1080 1776 emendationi
1104 1731 1185 1796 quas
1208 1731 1278 1795 cap.
1298 1710 1341 1774 34

193 1811 360 1897 leguntur:
388 1814 425 1878 δε
448 1810 582 1900 (λόφοε)
605 1819 665 1881 νῦν
687 1818 746 1896 μὲν
771 1812 995 1884 Καπετωλῖνος
1023 1814 1086 1904 (sic
1110 1813 1168 1882 Oh.
1182 1813 1237 1900 V.)
1266 1815 1367 1881 dvo-e

193 1917 335 1999 μόζεται,
362 1919 426 1985 ὑπὸ
454 1922 489 1985 δὲ
517 1921 680 1988 triremes
704 1921 886 2003 ἀνθρώπων
909 1924 1100 2004 (ατούρνιοε
1124 1919 1186 2008 (sio
1211 1918 1269 1987 Oh.
1288 1920 1341 2008 V.)

192 2027 333 2108 ἐλέγετο,
356 2027 463 2108 ὥεπερ
487 2027 527 2094 ἂν
547 2027 631 2095 εἴποι
649 2050 697 2095 τιε
709 2029 836 2096 Ἐλλάδι
855 2038 950 2116 φωνῇ
971 2030 1110 2112 Κρόνιοε.
1142 2028 1342 2114 Simpliciter

192 2137 302 2200 autem
326 2133 356 2199 ‘a
380 2135 554 2202 saturando
577 2135 699 2202 dictum
723 2159 795 2204 esse
814 2135 1001 2204 Saturnum?
1023 2136 1217 2223 Fulgentius
1235 2135 1340 2222 Mytb.

191 2240 252 2326 1‚2
272 2241 401 2326 scribit,
425 2241 694 2330 ‘saturitatisque'
713 2245 845 2312 notione
861 2245 965 2310 utitur
985 2244 1086 2310 etiam
1099 2243 1177 2329 11‚4
1194 2244 1230 2310 in
1249 2265 1339 2309 enar·

191 2348 293 2414 rande
311 2349 513 2416 abscisorum
532 2351 724 2436 genitalium
743 2350 869 2416 fabula:
892 2348 1057 2438 Fulgentii
1076 2359 1185 2416 autem
1204 2353 1237 2417 et
1252 2347 1338 2417 Cice-

189 2455 279 2520 ronis
303 2454 587 2540 interpretationes
612 2459 718 2523 iunxit
740 2457 1004 2544 Mytbographus
1027 2457 1147 2543 Angeli
1170 2457 1236 2522 Mai
1255 2457 1339 2536 11,1.

190 2559 280 2627 Tuiti
301 2566 378 2628 sunt
400 2563 584 2630 saturitatis
607 2563 639 2630 b.
658 2586 683 2628 e.
706 2563 918 2628 fecunditatis
941 2564 1117 2648 copiaeque
1139 2585 1196 2648 per
1218 2567 1338 2628 terram

190 2673 287 2754 atque
311 2669 390 2736 adeo
413 2669 568 2736 mundum
591 2669 727 2736 diffusae
748 2671 915 2736 notionem
944 2691 983 2736 ex
1013 2668 1179 2736 hodiernis
1203 2669 1339 2734 homini-

190 2777 251 2842 bus
275 2775 437 2862 Sippellus
461 2777 548 2842 edita
572 2800 599 2842 a.
621 2777 706 2843 1848
730 2776 900 2862 Marburgi
923 2774 974 2841 ‘de
998 2777 1086 2842 cultu
1107 2773 1251 2842 Saturni'
1275 2776 1338 2842 dis·

190 2884 380 2964 certatione,
413 2882 636 2970 Schweglerus
668 2883 834 2950 Historiae
867 2883 960 2948 Rom
988 2883 1004 2948 Ι
1031 2905 1062 2968 p.
1081 2883 1146 2948 224
1168 2905 1228 2969 sq.‚
1260 2883 1337 2949 item

190 2988 334 3055 ‘satoris’
365 2993 462 3076 atque
490 2989 707 3058 ‘saturatoris'
736 2992 970 3077 cogitationem
997 2995 1151 3058 consueta
1179 2990 1337 3076 ambigui-

194 3099 261 3162 tate
285 3097 422 3162 miscens
442 3095 618 3166 Oreuzerus
641 3097 786 3184 Symbol.
808 3098 858 3164 ΠΙ
880 3123 910 3184 p.
926 3099 992 3166 680
1015 3098 1061 3164 ed
1080 3103 1153 3164 tert.
1185 3098 1254 3165 Nee
1273 3099 1337 3165 dis·

188 3203 309 3288 plicare
341 3204 405 3268 sibi
431 3204 615 3272 Klausenus
648 3206 858 3292 significavit,
896 3227 1027 3272 securus
1060 3205 1099 3270 de
1127 3203 1205 3272 ‘sat
1237 3207 1337 3272 setis

189 3307 312 3374 satur'
336 3333 451 3378 vocum
473 3311 626 3397 prosodia
649 3335 731 3397 quae
754 3315 865 3378 tantae
892 3313 922 3378 ei
950 3311 1121 3378 offensioni
1149 3313 1184 3378 in
1212 3317 1337 3379 satum

189 3415 311 3502 fuerat,
337 3419 393 3485 sed
421 3441 634 3505 compensans
663 3441 734 3484 eam
758 3419 1012 3486 inconstantiam
1039 3441 1125 3486 nova
1153 3420 1338 3505 excogitata

190 3522 327 3608 origine:
350 3547 414 3610 qua
432 3526 518 3592 enim
536 3526 590 3590 via
612 3548 629 3591 e
653 3543 729 3590 Pus
753 3543 832 3592 aare
856 3525 1012 3611 stirpibus
1031 3531 1111 3590 nata
1126 3529 1234 3591 essent
1256 3527 1336 3611 ple·

192 3651 263 3696 nus
290 3653 445 3718 egenus,
473 3633 584 3700 eadem
611 3655 629 3698 e
652 3650 698 3698 sn
726 3629 857 3718 (sans)
890 3637 923 3698 et
951 3653 1066 3698 sanus
1093 3631 1273 3717 pullulasse
1304 3637 1338 3698 et

191 3757 265 3804 curn
292 3739 354 3806 boe
382 3744 557 3826 cognatum
586 3737 788 3806 Saturnus:
821 3761 903 3825 quae
932 3739 1032 3824 stirps
1061 3761 1124 3824 quo
1154 3739 1336 3825 significatu

190 3844 307 3910 fuisset
328 3868 395 3912 non
418 3848 553 3931 apernit
607 3845 730 3914 Contra
757 3851 916 3914 mutatam
943 3847 978 3912 in
1004 3845 1122 3912 Lares
1150 3845 1336 3911 Larentia

190 3955 224 4016 et
252 3951 363 4018 bomo
396 3953 583 4020 humanus
615 3953 803 4038 prosodiam
835 3951 985 4020 auxiliari
1017 3950 1081 4016 sibi
1114 3948 1336 4035 Schweglerus

190 4059 306 4127 voluit:
328 4059 385 4126 illo
409 4060 536 4144 quidem
560 4059 708 4144 exemplo
731 4079 809 4126 usus
832 4058 1051 4124 incertissimo
1075 4060 1109 4122 et
1131 4057 1183 4122 cui
1205 4079 1336 4142 persua·

190 4164 287 4232 dendi
310 4167 375 4231 vim
399 4168 454 4232 vix
476 4167 546 4251 ipse
570 4166 708 4250 tribuat,
739 4165 802 4232 hoc
827 4187 894 4232 non
924 4165 1005 4231 satie
1028 4163 1151 4249 valido,
1182 4163 1211 4229 si
1239 4167 1334 4236 modo

189 4276 276 4337 recte
298 4271 485 4338 humanus
509 4295 574 4337 non
597 4295 635 4338 ex
659 4271 760 4356 bom,
783 4272 840 4336 sed
862 4293 901 4336 ex
924 4271 1038 4335 homn
1065 4269 1223 4358 (homin)
1251 4273 1333 4340 deri-

189 4381 293 4462 vatur,
316 4379 467 4444 similiter
484 4376 564 4465 (non
578 4401 657 4445 sane
671 4377 810 4464 pariter)
830 4381 927 4461 atque
950 4377 1132 4461 publicus
1153 4380 1332 4464 poplicus

189 4486 369 4568 poplicus
400 4507 466 4553 non
498 4486 690 4572 simpliciter
721 4486 803 4551 flexa
835 4505 905 4548 esse
938 4483 976 4547 de
1008 4485 1188 4570 pbpulus,
1226 4489 1281 4554 sed
1314 4513 1332 4556 e
