3246 5082
718 1251 791 1334 XI.

410 1424 542 1507 Possis
571 1424 782 1509 Saturniae
810 1425 1110 1530 spicilegium)

706 1646 811 1654 -υ

273 1798 335 1864 Per
358 1801 636 1884 opportunitatem
663 1803 795 1868 tabulae
817 1803 1050 1889 Mummianae,
1078 1827 1175 1890 quam
1203 1805 1355 1870 schola-e

182 1929 256 1970 rum
278 1907 439 1972 indicibus
463 1909 596 1973 aestatis
620 1931 648 1973 a.
672 1925 879 1976 cromcocnn
903 1911 1192 1994 praemittebamus
1217 1914 1330 1997 [supra

182 2033 214 2077 n.
237 2011 285 2077 IV
312 2014 438 2098 p.‚83],
473 2015 616 2080 breviter
649 2038 731 2101 quse
763 2017 852 2102 leges
890 2022 1000 2084 essent
1033 2041 1144 2084 versus
1185 2018 1329 2086 Saturnii

183 2119 449 2204 significabamus
469 2121 578 2205 potius
597 2144 694 2208 quam
713 2122 1024 2190 demonstrabamus,
1051 2124 1080 2190 E
1101 2148 1164 2211 quo
1183 2131 1329 2212 tempore

184 2227 246 2290 etsi
268 2227 454 2312 probandae
478 2230 657 2294 sententiae
680 2229 823 2296 nondum
848 2253 958 2296 sumus
977 2233 1078 2298 otium
1097 2233 1195 2316 nacti,
1218 2236 1329 2298 tamen

182 2355 224 2398 ne
248 2333 423 2400 mutandae
446 2335 575 2421 quidem
604 2357 752 2402 caussam
779 2337 881 2402 ullam
903 2338 1100 2424 invenimus,
1132 2340 1188 2405 sed
1216 2340 1329 2406 confir·

184 2441 322 2506 mendae
345 2445 475 2508 tantum
499 2446 690 2527 argumenta
712 2443 795 2508 bene
814 2445 925 2510 multa.
959 2444 1073 2530 Itaque
1097 2467 1168 2510 cum
1192 2445 1233 2510 ad
1256 2467 1328 2510 nor·

184 2569 271 2613 mam
294 2549 362 2614 illic
384 2549 587 2634 propositam
610 2550 718 2635 ipsum
737 2549 774 2614 L.
787 2547 936 2616 Mummii
956 2551 1087 2616 titulum
1112 2551 1221 2638 (quem
1242 2552 1330 2618 intra

184 2675 287 2720 annos
311 2657 352 2722 ab
375 2679 406 2720 u.
425 2678 450 2722 e.
470 2657 535 2722 608
555 2661 588 2722 et
605 2657 671 2723 620
694 2657 850 2742 scriptum
875 2679 944 2722 esse
962 2657 1065 2724 Musei
1084 2659 1190 2724 nostri
1208 2660 1268 2725 vol.
1282 2658 1329 2724 IX

183 2785 214 2847 p.
233 2761 254 2826 3
274 2784 319 2847 sq.
343 2764 457 2847 [supra
480 2784 510 2846 p.
530 2763 608 2846 216]
633 2761 817 2850 docuimus)
840 2764 930 2832 nullo
953 2765 1064 2831 labore
1087 2787 1328 2832 revocasscmus

184 2868 270 2950 [vide
293 2892 392 2954 supra
418 2895 450 2956 p.
469 2871 540 2955 84],
567 2870 652 2936 baud
679 2871 782 2938 multo
810 2873 932 2938 maiore
955 2873 1087 2959 negotio
1110 2873 1221 2958 paullo
1244 2878 1330 2962 post,

183 2997 255 3041 cum
283 2976 530 3062 inscriptionem
563 2978 731 3045 columnae
763 2983 923 3046 rostratae
951 2980 1134 3046 academico
1162 3002 1328 3067 program-

182 3085 271 3148 mata
304 3083 382 3149 anni
410 3083 553 3149 eiusdem
583 3083 758 3152 edebamus
788 3089 900 3173 [supra
926 3111 958 3152 n.
976 3086 1038 3172 Vl,
1064 3089 1110 3171 1],
1143 3087 1223 3154 duos
1251 3088 1328 3154 titu-

182 3191 233 3256 los
256 3191 331 3256 illos
360 3190 439 3256 duce
467 3211 506 3255 ex
533 3193 626 3274 parte
650 3189 832 3259 Godoiredo
860 3193 1048 3260 Hermanno
1081 3195 1328 3279 expediebamus

182 3317 214 3380 p.
233 3297 277 3361 20
301 3299 414 3381 [supra
435 3320 465 3382 p.
485 3297 565 3380 200]
586 3320 670 3383 sqq„
694 3321 774 3384 quos
799 3301 892 3366 annis
915 3300 982 3366 575
1001 3305 1034 3366 et
1052 3301 1117 3367 580
1136 3323 1153 3366 a
1172 3301 1207 3366 L.
1221 3301 1329 3367 Aemi-

182 3402 228 3467 lio
251 3402 379 3489 Regillo
403 3401 468 3488 (rel
491 3404 600 3489 potius
620 3403 696 3469 aM.
710 3404 852 3471 Aemilio
866 3404 1003 3492 Lepido)
1028 3410 1061 3472 et
1075 3407 1123 3472 Ti.
1138 3405 1328 3492 Sempronio

183 3507 330 3587 Graccho
358 3515 434 3595 post
461 3510 615 3576 victorias
642 3509 868 3596 Myonnesiam
896 3517 930 3578 et
957 3511 1197 3579 Sardiniensem
1224 3514 1328 3582 factos

272 3777 299 3844 *)
321 3773 516 3846 [Programma
538 3775 729 3832 academicum
748 3778 892 3833 Bonnense
911 3795 937 3836 a.
954 3783 1023 3834 1854
1048 3779 1202 3835 ‘Natalicia
1220 3782 1329 3850 Augus·

181 3863 285 3919 tissimi
294 3863 379 3936 Regis
388 3863 523 3920 Friderici
532 3864 666 3921 Guilelmi
681 3867 732 3922 llll
746 3867 791 3922 die
806 3867 856 3922 XV
866 3885 903 3922 m.
913 3867 1043 3924 Octobris
1057 3887 1081 3925 a.
1093 3867 1329 3925 clolocccnuu

182 3951 403 4008 concelebranda
421 3951 521 4008 indicit
538 3954 568 4009 F.
588 3954 633 4008 R!
655 3955 834 4026 singulariter
851 3957 891 4013 sic
909 3957 1089 4029 inscriptum:
1110 3959 1215 4015 ‘Possis
1235 3957 1328 4013 Satur-

181 4041 246 4098 niae
264 4041 440 4114 spicilegium
459 4043 471 4096 I
489 4041 557 4098 facit
575 4043 605 4098 F.
624 4043 670 4096 R.'
709 4041 771 4110 Qua
788 4045 967 4116 inscriptione
987 4051 1099 4103 servata
1119 4048 1224 4118 prodiit
1242 4047 1327 4103 etiam
1387 4107 1393 4114 ‚

182 4131 257 4202 apud
277 4131 461 4202 bibliopolam
483 4131 692 4186 Berolinsnsam
710 4131 742 4186 G.
758 4133 926 4189 Trautwein.
947 4165 979 4174 -
1000 4133 1128 4190 Ceterum
1146 4135 1200 4190 hoe
1219 4135 1328 4206 spicile-

180 4221 260 4290 gium
279 4221 291 4274 1
309 4221 414 4276 mansit
431 4221 552 4288 unicum,
576 4221 617 4276 ita
640 4223 672 4276 ut
690 4238 753 4290 spes
771 4221 854 4291 plane
872 4221 1005 4278 fefellerit
1022 4222 1209 4278 Bitschelium
1225 4223 1255 4278 in
1274 4226 1328 4280 fine

181 4311 398 4381 programmatis
425 4309 580 4365 academici
605 4309 674 4364 haee
698 4309 879 4365 scribentem:
910 4311 1071 4366 ‘Incubatae
1095 4313 1191 4368 cuius
1214 4314 1327 4370 absol·

181 4399 308 4455 vendas
337 4417 401 4455 non
429 4398 541 4455 deerit
561 4398 818 4470 opportunitas
847 4399 1043 4470 disputationis
1070 4401 1228 4472 prolusione
1257 4448 1262 4459 .
1287 4447 1293 4460 .
1321 4448 1327 4460 .

181 4490 325 4560 tamquam
344 4489 420 4544 viam
439 4487 609 4544 munivimus
628 4489 664 4544 ad
683 4487 819 4560 gravioris
837 4489 958 4544 muneris
977 4488 1120 4548 officinm.³
1159 4491 1188 4548 0.
1203 4491 1260 4566 W.]
