3282 5076
561 380 817 428 ccurruursmo
841 381 954 428 euros.
1270 361 1331 426 195

178 518 232 584 ed.
256 517 353 583 Orell.
408 517 477 583 Nec
509 523 590 586 satis
624 523 771 607 adposite
804 524 844 587 ad
880 546 950 588 rem
982 521 1130 586 Dukerus
1159 518 1250 584 Flori
1282 522 1330 584 sui

178 647 214 708 p.
233 625 299 689 930
322 626 369 690 sic
393 629 686 694 commentabatur:
714 629 765 693 ‘de
795 652 858 715 quo
886 629 963 713 quid
991 629 1096 694 dicam
1124 649 1190 694 non
1212 628 1330 693 habeo:

177 733 247 798 nisi
271 733 322 798 vel
345 755 414 816 eos,
437 735 491 818 qui
515 736 610 819 plura
633 737 668 802 in
692 759 853 802 marmore
876 737 934 801 illo
959 737 1080 820 scripta
1102 735 1202 800 fuisse
1226 735 1331 820 prodi-

179 832 300 905 derunt
322 863 419 925 quam
435 838 635 928 Ciacconius,
657 866 771 927 parum
795 849 881 908 recte
900 841 1027 926 vidisse,
1049 843 1101 906 vel
1120 843 1232 906 literas
1251 863 1332 906 non-

178 947 292 1012 nullas
316 947 428 1013 deiude
451 949 499 1013 ita
523 949 701 1014 exolevisse
729 954 766 1015 ut
792 949 898 1014 visum
922 950 1109 1034 effugerent.
1145 971 1222 1014 nam
1250 951 1332 1014 mihi

179 1054 316 1119 omuino
341 1055 523 1120 verosimile
550 1055 677 1120 videtur
700 1055 922 1140 Oiacconium,
954 1056 1008 1140 qui
1035 1077 1102 1120 non
1129 1057 1232 1120 multo
1257 1061 1332 1140 post

178 1162 338 1226 effossum
367 1185 509 1228 marmor
537 1163 673 1228 Romam
702 1165 792 1229 venit
825 1168 859 1228 et
884 1165 918 1230 in
946 1186 985 1229 ea
1013 1164 1092 1228 urbe
1119 1185 1178 1246 per
1206 1164 1332 1247 aliquot

179 1289 287 1333 annos
310 1269 391 1334 vixit
414 1293 450 1334 ac
475 1269 558 1334 diem
583 1271 680 1355 obiit,
711 1271 970 1356 inscriptionem,
998 1293 1095 1354 quarn
1122 1292 1161 1336 ex
1184 1271 1330 1354 professo

179 1376 418 1441 commentario
441 1377 640 1463 inlustravit,
665 1381 698 1443 et
721 1400 816 1462 saepe
840 1383 873 1442 et
892 1378 1134 1443 adcuratissime
1153 1379 1331 1462 inspexisse

180 1503 245 1547 nec
268 1483 442 1567 quidquam
465 1503 589 1566 eorum,
613 1505 694 1568 quae
717 1488 788 1548 tum
812 1485 845 1548 in
865 1507 904 1550 ea
925 1485 1127 1569 legebantur,
1153 1485 1331 1550 detraxisse

180 1593 243 1654 aut
265 1588 446 1653 addidisse?
479 1589 586 1674 Atque
610 1589 672 1655 hoc
691 1591 820 1674 quidem
838 1591 894 1654 ille
914 1591 994 1655 satis
1013 1595 1112 1677 recte;
1136 1613 1200 1675 quo
1219 1591 1330 1656 tamen

178 1697 257 1780 plus
281 1695 381 1779 valet,
405 1695 491 1780 quod
515 1717 555 1760 ne
580 1699 654 1761 ante
673 1694 879 1761 Oiacconium
901 1697 1030 1781 quidem
1049 1697 1150 1760 lectas
1170 1719 1239 1761 esse
1259 1698 1330 1762 illas

179 1803 324 1887 litteras,
347 1805 524 1868 tacentium
548 1804 586 1868 de
610 1805 656 1868 eis
681 1803 819 1870 Manutii
842 1803 1001 1869 Florentii
1024 1803 1127 1887 Lipsii
1156 1825 1331 1868 consensus

180 1912 307 1995 argirit:
344 1913 471 1996 quando
506 1909 555 1976 Ὃ.
583 1911 720 1978 Duilius.
752 1913 795 1978 M.
823 1911 844 1978 f.
874 1913 916 1976 M.
948 1934 1059 1996 nepos.
1087 1909 1190 1976 Coss?
1222 1913 1332 1996 posuit

178 2016 328 2100 Pighius.
360 2017 446 2082 Nam
471 2041 527 2082 cur
549 2019 709 2105 nolimocx
729 2041 767 2084 eo
787 2019 1019 2104 argumentari,
1043 2019 1128 2103 quod
1151 2019 1223 2103 ipsa
1236 2019 1332 2084 Duel-

179 2123 273 2188 liana
293 2128 399 2189 aetate
417 2147 484 2190 non
503 2129 553 2190 est
572 2148 650 2190 sane
668 2126 821 2190 credibile
841 2127 892 2190 avi
911 2148 1027 2191 nomen
1048 2125 1214 2191 additurus
1233 2126 1332 2190 fuisse

180 2229 286 2318 (quod
308 2255 375 2298 non
398 2236 474 2297 ante
497 2234 642 2298 exeuntis
666 2233 784 2299 saeculi
813 2234 896 2298 sexti
924 2238 1072 2318 tempora
1094 2233 1221 2298 videam
1245 2253 1331 2296 acce·

180 2339 258 2402 dere
287 2337 445 2426 solitum),
472 2340 567 2404 facile
596 2344 645 2405 est
673 2343 713 2406 ad
741 2341 1004 2425 intellegendum.
1033 2377 1073 2387 -—
1107 2340 1195 2410 Haec
1223 2345 1331 2404 autem

180 2447 260 2510 dum
285 2449 401 2530 scribo,
432 2449 566 2513 affertur
590 2449 695 2513 Diarii
718 2448 895 2534 Bergkiani
922 2449 1119 2513 novissimus
1148 2447 1332 2530 fasciculus,

181 2553 218 2616 in
243 2575 305 2637 quo
325 2576 389 2618 non
413 2555 482 2620 sine
506 2557 679 2620 miratione
698 2557 791 2620 video
813 2555 956 2620 BILIOS
981 2556 1119 2620 formam
1143 2555 1184 2618 ab
1209 2554 1332 2619 editore

181 2663 431 2727 commemorari
454 2685 483 2747 p.
502 2664 566 2728 336
590 2669 626 2728 ut
649 2665 682 2728 in
702 2665 851 2728 columna
869 2666 1012 2729 rostrata
1031 2667 1227 2727 exstantem:
1251 2683 1332 2744 quae

182 2767 269 2832 nihil
302 2773 352 2833 est
383 2771 447 2834 nisi
479 2768 643 2836 Ciacconii
680 2771 713 2834 in
746 2771 980 2856 supplementis
1013 2770 1080 2834 suis
1114 2769 1332 2832 commentum

181 2873 280 2958 idque
308 2876 544 2959 pravissimum.
595 2877 658 2955 Qui
691 2900 781 2942 error
811 2879 839 2942 si
867 2877 1015 2962 Bergkio·
1040 2875 1147 2959 potuit
1180 2874 1333 2958 accidere,

183 2981 331 3064 protecto
355 3005 420 3047 non
443 2984 606 3048 videbitur
629 3007 727 3068 opera
755 2985 845 3050 abuti
875 2985 930 3068 qui
957 3005 1076 3048 novam
1104 2979 1200 3046 huius
1224 3001 1333 3044 monu-

184 3088 287 3152 menti
311 3088 484 3152 editionem
508 3092 680 3173 paraverit.
714 3089 865 3155 Ceterum
889 3113 953 3155 non
977 3089 1083 3172 magis
1103 3110 1211 3153 errore
1230 3090 1333 3164 vacat,

184 3195 271 3277 quod
294 3196 383 3279 prius
411 3195 511 3260 firisse
534 3197 662 3261 Duilios
685 3197 790 3262 Baitios
819 3197 951 3279 formas,
983 3194 1175 3259 successisse
1205 3193 1330 3257 demum

186 3301 331 3366 Drtellius
364 3301 487 3366 Bellias
518 3301 679 3387 Bergkius
715 3303 777 3367 sibi
810 3302 983 3386 persuasit:
1018 3303 1051 3366 id
1084 3300 1168 3385 qnod
1201 3321 1332 3382 prorsus

185 3407 283 3472 aliter
306 3431 340 3473 se
363 3408 472 3474 habet.

276 3515 381 3580 Versu
409 3521 518 3581 autem
547 3518 652 3600 primo
683 3516 772 3582 ANO
807 3519 853 3581 sic
878 3520 915 3581 ut
942 3515 1038 3580 bodie
1070 3512 1185 3578 fractis
1213 3513 1333 3577 litteris

187 3619 393 3687 Boherellus:
417 3623 510 3707 plene
534 3624 720 3708 perscriptis
744 3622 920 3705 Manutius,
943 3620 1072 3705 Lipsius
1097 3621 1125 3684 2.
1150 3619 1179 3698 3,
1203 3615 1333 3683 Giacco·

186 3729 270 3814 nius,
294 3729 440 3814 Gozzius,
464 3730 719 3795 Kellermannus.
766 3729 828 3794 AN
844 3729 893 3794 -0
918 3729 1051 3794 Panvin.
1093 3725 1185 3790 AND
1205 3724 1333 3808 Lipsius

190 3837 218 3916 l,
237 3836 355 3920 quippe
373 3835 751 3921 puquNDosupplens.
786 3835 899 3901 ANOS
915 3835 1060 3920 Pighius.
1094 3831 1256 3896 SAN·O
1275 3830 1334 3894 La·

186 3941 316 4007 frerius:
349 3965 412 4027 quo
441 3944 582 4008 voluisse
612 3941 934 4025 separatu-opacam
961 3939 1012 4027 (ut
1040 3943 1090 4004 est
1113 3938 1196 4020 apud
1220 3935 1334 4018 Pauv.)

187 4049 372 4132 significare
395 4049 549 4113 credibile
573 4054 623 4115 est
1444 4135 1445 4140 η

151 4192 164 4204 ·
278 4155 357 4221 V.2
389 4155 436 4220 D·
459 4155 614 4220 XEMET
637 4155 722 4219 Man.
755 4151 981 4219 DeXuMET
1006 4151 1091 4217 Cice.
1120 4147 1333 4214 DEXEMET

187 4260 274 4328 Kell.
319 4261 504 4328 ΕΧΕΜΕΤ
533 4261 620 4347 Lips.
644 4263 672 4327 2.
718 4259 885 4325 eXEMET
915 4259 1002 4344 Lips.
1029 4261 1054 4323 1.
1096 4253 1374 4321 DEXEMETu

188 4369 306 4454 reliqui
405 4369 443 4432 ln
463 4370 526 4435 tine
544 4367 730 4435 LEOIONL
750 4366 831 4431 Boh.
859 4363 1051 4430 LECIONE
1066 4364 1149 4430 Kell.
1174 4361 1334 4429 LEOION

189 4475 276 4540 Man.
299 4475 392 4558 Pigh.
416 4475 502 4558 Lips.
524 4477 550 4540 1.
574 4475 660 4540 Oiac.
683 4473 761 4560 (nisi
784 4471 869 4556 quod
893 4471 921 4535 G
945 4493 1003 4556 pro
1022 4471 1048 4538 Ο
1070 4471 1172 4556 Pigh,
1195 4469 1222 4533 Τ
1241 4493 1300 4554 pro
1319 4469 1334 4533 Ι

1068 4576 1120 4630 13*
