3116 5066
448 455 652 503 nerduinum
677 455 850 504 soeauvn.
1160 441 1221 504 131

107 593 268 678 suppleatur
289 603 470 682 supersunt
510 597 556 664 Et
578 599 667 684 ipsos
691 597 820 684 quidem
843 621 953 664 veram
977 599 1066 664 vides
1090 621 1222 684 prorsus

107 699 138 764 ad
157 723 204 766 eas
223 704 308 789 leges
331 703 445 789 factos,
468 727 549 792 quas
568 705 603 769 in
621 707 838 772 monumentis
856 727 992 792 regnare
1011 707 1099 772 solas
1121 729 1224 791 nuper

106 805 157 870 dixi
175 809 203 878 iu
228 812 429 878 enarratione
451 813 539 877 tituli
562 810 755 878 Mummiani
779 815 890 897 [supra
912 835 942 898 p.
962 815 1033 895 83]:

156 967 252 1045 Quod
273 974 313 1037 re
337 974 406 1037 suat
429 970 664 1054 d[if]e1'dens
686 1011 709 1020 -
733 975 907 1058 asperht]
932 971 1094 1039 adleieta

154 1076 287 1144 Pardus
309 1079 451 1145 timens
475 1081 559 1147 heic
583 1083 708 1166 uduit,
730 1119 752 1130 -
774 1084 866 1148 udto
890 1081 961 1146 hdo
984 1080 1169 1164 soluit[o]‚

156 1181 345 1266 [Dclcumai
369 1187 475 1252 faeta
497 1187 681 1272 polducta
703 1225 726 1234 —
748 1186 935 1253 leibcreis
958 1175 1176 1268 lubd[n]tes
1237 1208 1262 1248 ιι

155 1289 252 1356 Douui
275 1295 421 1360 dandnt
443 1293 626 1361 He'rcolei
648 1332 671 1342 -
694 1296 889 1359 maxsume
913 1295 1065 1362 mereto.

154 1395 268 1465 Semdl
291 1405 329 1466 te
353 1403 466 1467 orant
489 1424 528 1468 se
552 1403 673 1484 [u]6ti
696 1439 718 1448 -
741 1402 878 1467 crebro
902 1398 1178 1482 condemnes.*)

100 1555 140 1622 Sic
163 1561 241 1626 euim
270 1563 438 1647 evanidae,
470 1567 507 1630 ut
536 1563 684 1647 exemplo
712 1561 924 1647 lithographo
951 1565 1065 1626 nostro
1090 1559 1220 1625 evidens

100 1663 154 1729 fieri
174 1668 342 1754 soluimus,
375 1670 505 1736 litterae
528 1669 610 1735 citra
638 1668 874 1734 dubitationem
905 1669 1107 1734 instauratae
1136 1672 1219 1732 sunt.

100 1768 152 1837 Nee
172 1775 206 1840 dc
228 1777 492 1862 interpretatione
511 1778 617 1843 habeo
640 1777 674 1842 in
693 1799 757 1862 quo
776 1776 965 1862 discrepem.
998 1773 1060 1842 Sed
1079 1775 1118 1840 de
1139 1779 1220 1840 tem·

100 1900 160 1961 pore
180 1883 228 1949 hic
249 1907 376 1970 quoque
400 1886 568 1970 aliquanto
592 1884 722 1969 certius,
743 1884 808 1949 nisi
830 1883 935 1970 fallor,
963 1881 1142 1948 existimari
1165 1903 1220 1966 po

99 1987 166 2053 terit.
206 1989 291 2058 Nam
314 1991 376 2057 etsi
399 1992 481 2058 illud
503 1991 676 2058 Hennenus
699 1991 783 2056 dixit
811 1991 1006 2077 rectissime,
1033 2013 1101 2056 non
1123 2013 1219 2076 posse

98 2093 206 2162 titulum
228 2099 369 2164 medium
391 2099 556 2166 saeculum
575 2098 749 2184 septimum
769 2097 927 2183 excedere,
950 2100 1061 2163 tamen
1079 2098 1219 2162 mihine

99 2200 248 2270 uicensimo
277 2206 407 2291 quidem
436 2228 521 2272 anno
550 2207 619 2272 eius
653 2206 772 2271 saeculi
800 2205 927 2271 videtur
958 2207 1120 2290 posterior
1148 2228 1218 2271 esse

26 2305 28 2316 '
99 2327 183 2389 posse.
223 2310 423 2398 Quamquam
451 2313 539 2378 baud
568 2314 634 2378 scio
664 2336 706 2378 an
734 2334 773 2376 ne
801 2312 863 2380 hoc
894 2311 1022 2398 quidem
1055 2315 1135 2379 satis
1167 2314 1219 2397 sit,

99 2415 203 2495 quaudo
223 2439 281 2486 nec
305 2421 436 2487 obstare
460 2421 632 2506 quicquam
654 2419 747 2485 video
771 2420 941 2506 quominus
965 2417 1006 2483 ad
1027 2401 1100 2502 ipsa
1123 2420 1219 2485 initia

99 2523 206 2604 septimi
236 2529 357 2594 saeculi
385 2528 545 2594 exitumre
578 2527 661 2592 sexti
683 2530 865 2606 revocetur,
899 2529 932 2590 et
961 2525 1118 2608 quaedam
1147 2547 1218 2590 esse

98 2645 163 2708 quae
182 2632 211 2697 id
232 2635 282 2700 vel
306 2635 447 2700 maxime
470 2633 633 2700 suadeant.

167 2737 234 2806 Non
251 2742 393 2808 haerebo
418 2743 453 2807 in
471 2743 650 2827 scripturae
672 2742 787 2826 speeie,
812 2741 892 2807 satis
914 2739 974 2804 illa
997 2737 1069 2803 rudi
1093 2738 1120 2802 si
1145 2759 1217 2802 cuns

97 2835 203 2910 Pollani
218 2845 335 2932 lapidis
356 2849 569 2934 supparisque
584 2847 701 2914 aetatis
717 2847 880 2931 aequabili
899 2845 1116 2912 concinnitate
1132 2867 1218 2910 conu-

97 2965 184 3036 paras,
208 2955 374 3040 multoque
396 2956 530 3040 propius
559 2955 598 3020 ad
621 2955 753 3021 illorum
777 2954 948 3020 titulorum
973 2955 1217 3020 similitudinem

97 3057 239 3126 accedente
261 3063 318 3148 qui
340 3063 430 3129 uelut
453 3067 587 3129 exeunte
611 3063 739 3129 saeculo
764 3067 855 3128 sexto
879 3063 913 3128 in
932 3063 1079 3148 sepulcro
1095 3061 1217 3148 Scipio-

96 3169 283 3254 transcripti
308 3173 385 3236 aunt
408 3171 458 3236 vel
482 3171 623 3256 septimo
651 3171 782 3236 ineunte
810 3170 844 3235 in
866 3169 979 3235 tabula
1000 3169 1216 3238 Mummiana:

97 3287 126 3330 ex
143 3271 204 3356 ipro
227 3299 375 3344 sermone
398 3277 502 3362 petita
526 3281 716 3363 argumenta
738 3279 868 3362 praesto
893 3280 977 3343 sunt.
1009 3277 1153 3343 Primum
1176 3279 1215 3344 de

96 3369 295 3448 POLOVUPA
315 3382 422 3448 forma
436 3381 526 3471 (uam
544 3383 650 3460 forma
664 3387 723 3464 est,
742 3406 807 3450 nou
826 3381 1000 3471 scriptura)
1019 3385 1216 3450 recordanda

96 3485 155 3546 sunt
170 3508 245 3570 quae
264 3511 364 3576 supra
383 3493 426 3574 [p.
443 3492 519 3572 117]
544 3491 711 3575 explicavi.
748 3489 872 3556 Deinde
891 3489 918 3556 O
937 3489 1043 3575 proV
1061 3492 1161 3558 habes
1182 3493 1216 3558 in

96 3581 306 3678 HEROOLEI,
335 3596 364 3662 E
388 3619 447 3681 pro
475 3597 492 3662 Ι
519 3597 554 3663 in
576 3595 774 3682 MERETO,
802 3601 972 3682 utrumque
996 3603 1153 3666 sociatum
1182 3601 1216 3667 in

96 3689 226 3788 sedat,
247 3703 338 3771 cuius
361 3705 485 3771 formae
508 3706 737 3792 antiquitatem
760 3707 795 3771 in
817 3707 925 3791 priore
947 3707 1064 3772 saltem
1088 3707 1216 3792 syllaba

95 3819 215 3876 servasse
240 3812 410 3878 Plautinos
438 3813 540 3878 libros
568 3811 694 3900 Proleg.
717 3836 748 3898 p.
766 3811 890 3880 XCVII
912 3835 958 3900 sq.
987 3815 1127 3880 narraui.
1171 3814 1217 3880 Et

95 3903 259 3983 HERCOLI
290 3919 421 4005 quidem
453 3923 559 3985 exstat
590 3924 758 4004 praeterea
790 3921 824 3986 in
851 3919 1065 3987 Fabrettiana
1096 3944 1127 4006 p.
1150 3921 1215 3986 659

95 4031 117 4076 u.
134 4019 189 4088 502
210 4025 256 4107 [Ο.
279 4025 304 4093 Ι.
329 4025 363 4092 L.
386 4027 403 4092 I
426 4050 456 4093 n.
476 4027 554 4109 815]
583 4027 728 4094 iunctum
753 4050 825 4093 cum
850 4025 1049 4093 ANTIOOV
1070 4028 1215 4094 nomina-

95 4118 146 4188 tivo
166 4129 366 4210 [HEROOLI
394 4135 492 4208 etiam
519 4135 553 4200 in
583 4139 734 4219 suspecta
761 4135 841 4200 mihi
872 4133 1103 4200 Boissardiana
1125 4133 1215 4204 Grut.

96 4223 168 4312 b,2]:
187 4237 332 4309 HEROO
351 4294 359 4310 .
379 4291 386 4309 .
406 4291 414 4308 .
437 4244 471 4309 in
490 4242 672 4328 fragmento
688 4241 892 4308 Amiternino
912 4240 1106 4308 Mommseni
1125 4243 1211 4310 5757

95 4383 277 4415 N*

163 4483 324 4560 “)[‘Paullo
338 4490 414 4548 enim
432 4490 524 4546 miuus
543 4491 635 4548 crebrd
654 4491 811 4547 emanata
828 4489 934 4558 plaeet'
950 4487 1031 4546 addit
1044 4491 1213 4549 Ritscbelius

96 4555 171 4630 Eser.
187 4587 265 4646 pua.
303 4579 333 4638 c.
347 4579 406 4652 ιι]

962 4671 999 4726 9*
