3116 5066
505 399 656 447 3333333
680 400 884 450 3333333333.
1200 389 1262 453 179

132 539 226 605 Plauti
255 539 450 624 editoribus,
483 541 672 606 admissas
700 545 821 610 vocalis
854 546 1025 630 quicquam
1057 545 1147 610 illino
1174 569 1264 629 prae-

132 647 196 711 311111
217 648 353 713 habeat:
375 669 452 712 nam
476 648 581 732 ipsam
602 647 707 715 SVOS
726 651 863 716 formam
887 651 999 716 eadem
1023 653 1080 716 1113
1103 653 1263 736 1333333-

131 754 290 820 tundarum
329 777 395 820 non
428 755 533 820 minus
564 761 655 822 tenet
684 758 719 822 in
746 756 994 824 PARENsVE·
1019 758 1265 827 31333131-

130 860 234 926 VSVE
250 897 257 910 ·
274 859 382 927 SVOS
402 863 421 942 ξ
444 865 471 944 1,
494 864 572 927 item
595 861 829 930 PARENSVE
845 900 851 912 ·
868 863 976 930 SVOS
1000 869 1020 948 ξ
1043 869 1091 952 18,
1116 891 1211 954 quam
1231 870 1266 932 in

128 967 386 1034 PERPETVOM
410 965 692 1036 COMPASOVOS
721 969 926 1036 MORTVOS
950 973 1000 1036 vel
1022 971 1165 1049 EQVOS
1189 975 1265 1041 INI-

129 1073 242 1150 QVOM
265 1077 317 1140 vel
342 1073 591 1142 SVPOISIVOS
610 1077 753 1144 VIVOM
777 1101 815 1142 ea
838 1078 902 1143 sibi
925 1080 1087 1164 scriptura
1110 1081 1266 1148 constitit.

105 1179 213 1249 OVnde
234 1183 430 1267 perspicitur
448 1187 591 1248 recentes
609 1206 689 1269 3333,
706 1207 770 1250 333
791 1185 940 1269 antiquas
960 1207 1013 1250 333
1032 1186 1269 1273 inscriptiones,

41 1296 45 1307 '
128 1289 158 1353 in
188 1289 305 1374 quibus
341 1293 397 1353 aut
418 1287 568 1354 DVVM·
592 1289 670 1356 VIR
693 1291 849 1375 scriptum
882 1295 931 1358 331
958 1297 994 1358 31
1020 1294 1054 1358 13
1082 1292 1268 1378 Capitolina

128 1396 206 1479 apud
236 1395 400 1461 Gusscum
427 1395 533 1461 Musei
561 1395 667 1482 Capit.
690 1397 707 1462 1
729 1421 760 1482 p.
784 1399 827 1464 36
856 1399 904 1480 [0.
923 1400 947 1465 I.
966 1401 1001 1465 L.
1024 1400 1113 1484 VI,1
1138 1425 1169 1468 n.
1188 1403 1266 1483 518]

127 1502 217 1587 Inque
249 1503 429 1568 Puteolana
460 1504 485 1568 I.
513 1503 551 1570 B.
578 1503 618 1570 N.
644 1505 731 1570 2514
755 1503 803 1588 [C.
827 1505 851 1570 I.
874 1506 911 1572 L.
939 1507 956 1571 1
982 1531 1013 1572 n.
1040 1507 1138 1591 12353
1172 1507 1205 1572 P.
1233 1507 1268 1572 L.

128 1607 166 1672 M.
187 1609 224 1674 Ε.
254 1609 320 1675 tab.
344 1607 516 1674 LXXVIII
535 1609 604 1693 El,
647 1615 704 1674 aut
736 1608 926 1677 OLVVIVS
959 1617 995 1678 ut
1026 1615 1060 1678 in
1093 1613 1205 1677 eadem
1237 1619 1270 1677 31

129 1715 228 1782 313133
253 1715 340 1782 2513
364 1713 455 1796 [(1.1.
474 1712 510 1779 L.
533 1714 549 1778 Ι
572 1737 603 1779 n.
629 1717 747 1800 1236],
780 1722 836 1782 331
858 1716 993 1782 VIVVS
1024 1722 1060 1782 31
1087 1720 1120 1782 in
1145 1717 1269 1784 Samni-

129 1821 189 1885 tica
210 1822 299 1887 4994
326 1819 375 1903 [Ο.
397 1821 423 1886 Ι.
445 1821 480 1886 L.
503 1821 519 1886 I
542 1843 572 1886 n.
594 1821 707 1904 1276]:
740 1845 799 1906 pro
823 1845 885 1908 quo
915 1824 993 1888 alibi
1019 1825 1185 1907 prodItum
1209 1825 1269 1890 VI·

31 1934 34 1949 '
130 1925 238 1994 VOVS
271 1951 327 1994 cur
358 1949 398 1993 ne
431 1929 747 1994 commemorandum
780 1930 910 2015 quidem
938 1931 1082 1997 duxerim
1111 1932 1147 1996 in
1171 1933 1269 1998 socia·

130 2038 228 2100 tarum
253 2033 311 2100 OV
335 2035 517 2100 litterarum
549 2035 717 2120 exemplis,
745 2057 783 2100 ex
812 2037 858 2102 313
885 2037 1024 2122 perspici
1052 2041 1162 2122 potest
1189 2059 1270 2122 quae

131 2141 167 2206 sd
184 2141 315 2208 titulum
334 2139 569 2206 Mummiunum
587 2161 618 2223 p.
633 2139 713 2206 XVI
739 2143 850 2226 [supra
872 2164 902 2226 p.
921 2144 996 2224 111]
1021 2145 1164 2228 exposui.
1196 2144 1270 2212 Non
1295 2175 1301 2184 ·

131 2268 195 2312 esse
223 2271 309 2314 anno
338 2247 402 2312 649
430 2247 585 2312 marmori
617 2247 753 2312 incisum
785 2249 888 2332 quod·
902 2249 997 2314 hodie
1030 2255 1193 2334 superstes
1222 2239 1284 2315 331

130 2355 206 2440 legis
235 2353 354 2439 parieti
383 2353 534 2417 faciundo
562 2352 760 2419 Puteolanas
791 2356 987 2440 exemplum,
1015 2355 1050 2419 in
1078 2378 1141 2440 quo
1170 2356 1271 2421 habes

132 2481 202 2526 sane
226 2457 511 2542 DVVMVIRVM,
534 2459 586 2524 vel
610 2459 833 2545 frequentatae
856 2455 873 2525 I
898 2463 1004 2543 loupae
1031 2461 1159 2526 novitas
1178 2462 1272 2527 docu-

132 2571 234 2634 mento
259 2572 320 2633 est:
355 2565 562 2649 quantumvis
591 2567 796 2652 antiquitatis
819 2567 853 2630 in
877 2567 949 2631 31113
973 2566 1086 2630 formis
1110 2571 1273 2632 servatum

15 2676 16 2709 ¹
132 2673 219 2761 siv)
252 2674 322 2750 Q'uo
345 2672 453 2736 minus
476 2671 582 2736 habeo
601 2673 657 2756 qui
682 2673 849 2757 antiquam
873 2694 944 2738 3333
962 2673 1042 2736 mihi
1061 2673 1272 2757 persuadeam

14 2803 15 2809 ¹
134 2776 329 2864 Campanam
364 2777 567 2843 1113333189
601 2777 649 2860 [Ρ.
672 2778 707 2842 L.
730 2776 775 2842 M.
797 2777 834 2842 Ε.
857 2778 923 2842 tab.
946 2776 1036 2843 LXX
1050 2779 1098 2862 H;
1133 2777 1167 2843 C.
1191 2779 1215 2842 I.
1238 2777 1273 2842 L.

134 2891 146 2948 1
173 2908 203 2950 n.
234 2887 343 2968 1242],
377 2905 473 2967 quarn
497 2883 672 2968 diligenter
704 2907 723 2948 3
756 2888 856 2949 semet
889 2885 1106 2950 examinatam
1137 2883 1272 2949 Momm-

134 3013 224 3056 senus
252 2995 392 3058 testatur
419 2991 540 3056 11113313
571 3013 642 3056 3333
669 2991 913 3056 vetustissimis:
943 2991 978 3056 in
1006 3014 1070 3077 qua
1098 2994 1131 3055 et
1159 2988 1273 3057 SVVO

218 3168 243 3236 *1
263 3167 317 3238 [Cf.
336 3167 367 3222 P.
382 3167 413 3220 L.
428 3167 464 3221 M.
481 3167 512 3220 Ε.
531 3167 589 3222 tab.
604 3165 694 3219 LXVI
707 3169 737 3220 31
750 3166 845 3220 113333.
865 3184 892 3235 p.
911 3171 954 3234 58,
974 3165 1022 3219 ubi
1041 3165 1109 3220 haec
1129 3165 1274 3220 adnotavit

135 3253 311 3310 Bitschelius:
339 3255 432 3310 ‘Anno
455 3261 506 3310 649
535 3255 626 3310 iactae
654 3255 725 3325 legis
750 3254 907 3324 exemplum
930 3256 1040 3308 tantum
1063 3254 1161 3309 haberi
1184 3254 1274 3308 multo

134 3345 283 3412 3331331333
302 3347 397 3399 aetate
416 3347 553 3414 paratum,
573 3344 627 3398 etsi
645 3343 754 3414 pridem
769 3361 787 3398 3
804 3341 900 3397 multis
914 3343 1088 3396 intellectum
1103 3343 1146 3396 est
1159 3341 1274 3410 ipsaque
1295 3391 1308 3418 ⁸

135 3433 283 3502 scripturae
298 3433 424 3488 novitate
439 3439 518 3488 extra
530 3432 735 3510 dubitationem
748 3431 871 3503 positum
887 3473 937 3498 ...,
952 3431 1046 3484 tsmen
1060 3429 1275 3485 3313133333-

136 3539 187 3591 que
210 3522 408 3593 grammsticas
435 3521 570 3592 pristinae
589 3521 703 3576 tabulae
726 3520 794 3575 satis
817 3522 936 3589 3333331
954 3521 1034 3574 tanta
1052 3518 1187 3589 religione
1206 3520 1276 3590 lapi-

136 3610 239 3667 dariam
259 3627 384 3667 servasse
407 3614 457 3666 331
479 3609 602 3666 33131333
621 3610 725 3678 ubique
748 3625 867 3677 servare,
890 3609 922 3661 ut
940 3607 999 3662 iure
1017 3608 1112 3662 nostro
1130 3611 1276 3678 tamquam

135 3699 164 3754 in
183 3717 245 3756 vero
264 3701 445 3756 monumento
469 3699 573 3755 saeculi
597 3699 708 3768 septimi
731 3697 817 3752 medii
835 3695 940 3750 versari
958 3695 1038 3750 nobis
1057 3696 1208 3753 videamur.
1246 3699 1277 3751 In

137 3805 190 3856 quo
209 3807 307 3860 genere
327 3807 391 3844 cum
409 3805 549 3859 perpauca
564 3788 620 3841 sint
633 3805 705 3854 quae
719 3785 827 3854 aliquid
841 3784 1024 3839 dubitationis
1038 3789 1170 3840 moveant
1184 3785 1276 3854 (quale

138 3879 180 3930 331
199 3879 269 3945 quod
283 3877 358 3932 Mon.
374 3877 460 3947 epigr.
475 3879 508 3934 tr.
524 3895 551 3946 p.
566 3874 617 3929 XV
633 3875 715 3944 tetigi
728 3873 974 3941 DVVMVIRVM),
989 3875 1086 3928 333133
1100 3874 1277 3928 litteraturae

136 3981 201 4018 3333
222 3967 293 4022 33113
316 3965 397 4020 nulla
424 3964 562 4019 habenda.
600 3961 676 4028 Quae
700 3961 724 4016 31
749 3963 865 4017 3331333
890 3962 1019 4031 exempla
1042 3961 1154 4015 offerret
1178 3960 1278 4015 3111333

136 4053 283 4122 productae
304 4055 315 4108 1
334 4054 456 4122 litteras,
476 4051 733 4122 33311331111331
752 4049 821 4104 olim
839 4050 932 4105 fraudi
950 4050 1063 4104 1333331
1081 4049 1170 4102 113331
1189 4048 1277 4103 111333.

137 4143 158 4194 1,
178 4141 238 4198 VIII
262 4163 288 4214 p.
308 4149 361 4197 493
381 4143 425 4211 (=
441 4143 541 4212 Opusc.
561 4141 587 4194 11
605 4159 632 4210 3.
655 4143 733 4209 643),
756 4139 785 4193 id
805 4128 1278 4206 3133331113333331133313313313

138 4229 312 4287 tribuendum
330 4233 412 4287 33331
446 4230 549 4284 Verum
567 4229 620 4283 hac
639 4227 701 4298 1333
718 4227 748 4282 in
762 4245 791 4282 re
810 4226 911 4282 mirum
931 4227 1066 4295 quantum
1085 4224 1184 4280 fallere
1199 4227 1278 4294 quot·

140 4321 208 4386 quot
227 4321 316 4376 adhuc
338 4319 528 4390 inscriptionis
551 4317 679 4387 33333313
697 4317 813 4386 vulgata
831 4317 909 4384 sunt,
926 4331 1001 4367 nunc
1019 4313 1131 4368 demum
1150 4316 1245 4369 nostra
1263 4331 1278 4368 3

139 4405 234 4464 tabula
258 4409 423 4479 planissime
446 4405 619 4478 perspicitur.
658 4405 831 4474 Singillstim
849 4406 902 4458 hoc
920 4405 1082 4472 persecutus
1106 4421 1167 4458 sum
1190 4417 1279 4472 nuper

141 4494 259 4552 eiusdem
275 4497 365 4553 Musei
382 4501 404 4552 t.
424 4495 486 4551 XIV
506 4515 532 4566 p.
551 4501 603 4550 308
623 4512 664 4563 sq.
684 4495 769 4563 (inira
787 4511 813 4549 n.
832 4491 926 4560 XIV).’
967 4489 996 4546 (1.
1016 4489 1073 4563 W.]

1014 4579 1066 4634 12*
