3246 5082
545 357 754 406 anrrnoavn
776 357 1043 418 anrrovrssnns.
1282 341 1349 409 295

292 497 554 585 speculorum,
589 522 725 586 quorum
754 500 916 566 delineata
946 501 1094 585 exempla
1121 501 1265 566 omnium
1292 504 1348 567 uni
1363 527 1389 566 rc

202 608 348 674 Brunnio
373 607 485 691 debeo,
511 607 591 672 illud
615 607 701 693 quod
724 608 769 673 Μ
787 609 928 694 signavi,
952 606 1056 674 Cosas
1080 605 1146 692 (cui
1168 631 1253 674 nunc
1278 609 1347 675 ‘Or-

202 713 334 781 betello’
363 712 497 800 nomen)
529 719 692 799 repertum
699 765 708 800 ,
746 714 917 781 Hennenus
945 715 1088 780 breviter
1120 717 1283 781 enarravit
1313 717 1348 782 in

203 821 413 887 ‘Bullettino'
450 821 543 886 Rom.
576 845 605 887 a.
635 821 719 888 1858
752 843 783 906 p.
810 822 872 886 104
910 822 1118 888 adnotatione
1151 823 1191 887 ad
1220 822 1257 889 R.
1285 822 1346 888 De-

202 927 301 994 Witti
324 927 636 1012 commentariolum,
658 929 774 1012 inquo
799 928 916 992 mirum
940 933 1073 994 estnon
1092 929 1267 1014 speculum,
1291 930 1347 995 aad

201 1039 349 1120 pateram
385 1035 458 1100 dici.
513 1033 663 1101 Ceterum
687 1030 940 1100 PROSEPNaI
971 1034 1109 1099 incisum
1136 1037 1192 1100 sit·
1207 1058 1248 1100 an
1272 1058 1346 1102 casu

200 1139 433 1208 PROSEPNth
457 1141 581 1207 nomini
605 1145 748 1206 extremo
778 1141 899 1205 lineola
923 1139 1132 1206 adhaerescat
1156 1121 1270 1207 siinilie
1294 1144 1346 1224 lit-

201 1253 297 1334 lerae,
321 1247 518 1333 ambiguum.
547 1286 589 1294 —
616 1247 655 1312 ln
677 1247 897 1313 Monumentis
921 1246 1067 1313 instituti
1092 1247 1178 1313 arch.
1201 1249 1294 1315 Rom.
1318 1273 1346 1315 a.

203 1356 287 1422 1859
311 1356 346 1420 in
368 1356 482 1422 tabula
500 1353 609 1420 XXIV
631 1355 694 1420 vol.
713 1355 762 1419 VI
785 1376 856 1420 cum
879 1353 940 1419 hoc
964 1353 1128 1439 speculum
1151 1359 1221 1419 tum
1239 1357 1345 1440 proxi-

201 1485 289 1528 mum
313 1462 433 1527 editum
456 1462 497 1526 iri
519 1463 668 1546 perspexi
692 1484 729 1528 cx
749 1459 842 1526 Actis
869 1461 957 1525 acad.
976 1458 1082 1526 Berol.
1106 1461 1248 1527 eiusdem
1267 1465 1346 1528 anni
1384 1489 1388 1496 ¹

200 1593 230 1654 p.
250 1569 328 1635 513:
360 1589 446 1634 nunc
472 1569 633 1653 perspicio
662 1569 760 1633 etiam
789 1590 827 1632 cx
851 1566 1027 1632 Annalium
1056 1573 1079 1634 t.
1103 1567 1195 1634 XXX
1217 1593 1249 1654 p.
1271 1571 1346 1637 383.
1440 1571 1447 1585 “

200 1676 263 1759 [cf.
287 1675 368 1743 cl.
392 1675 512 1740 1..1n
540 1675 605 1756 ὁὶ]

289 1783 328 1849 N
349 1783 383 1848 in
407 1803 519 1848 museo
543 1779 726 1867 Campanae
751 1804 770 1846 a
792 1781 938 1847 Brunnio
966 1782 1215 1868 investigatum,
1242 1807 1345 1868 nuper

198 1892 486 1958 commemoratum
515 1911 535 1954 a
562 1911 613 1952 me
642 1887 726 1954 Mus.
752 1887 855 1952 Rhen.
883 1887 962 1952 XIV
992 1911 1023 1974 p.
1042 1889 1121 1974 382,
1154 1913 1251 1976 quam
1275 1913 1344 1975 per-

198 1998 370 2063 obscuram
393 1993 466 2060 ItIT
489 1995 734 2080 inscriptionem
758 1995 860 2078 offert,
882 1995 1055 2060 nemodum
1083 1996 1164 2060 satis
1191 1997 1344 2082 probabi·

197 2103 274 2168 liter
296 2102 478 2188 explicavit.
514 2101 605 2178 Quod
629 2104 743 2167 contra
766 2100 804 2164 dc
828 2099 993 2166 OVDIDO
1018 2103 1160 2168 nominis
1184 2103 1345 2188 scriptura

198 2211 368 2295 adipeam
397 2209 567 2284 veritatem
595 2209 768 2274 accessisse
792 2207 1001 2274 Garrucoiunr
1030 2209 1172 2275 arbitror
1199 2210 1234 2276 in
1258 2210 1344 2276 ‘Bul-

197 2315 326 2383 lettino'
349 2317 442 2383 Rom.
467 2339 495 2381 a.
516 2315 600 2396 1859
624 2339 654 2401 p.
673 2317 716 2381 98
744 2315 940 2400 Dionysiani
968 2317 1085 2382 erroris
1114 2315 1344 2383 admonentem

197 2423 308 2508 Antiq.
331 2422 423 2488 Rom.
447 2423 462 2486 I
485 2444 553 2506 cap.
573 2423 629 2506 68,
662 2423 717 2506 qui
744 2427 892 2487 versatur
919 2421 953 2485 in
983 2421 1184 2486 PENATES
1213 2427 1246 2488 at
1268 2423 1341 2488 Dr.-

197 2527 343 2595 NATES
370 2513 539 2594 nominum
567 2529 814 2612 permutatione.
860 2527 964 2604 Quam
987 2529 1073 2592 enim
1091 2549 1192 2611 prope
1215 2529 1250 2592 in
1273 2552 1342 2594 cur-

197 2636 268 2702 siva
290 2636 497 2720 potissimum
521 2637 683 2721 scriptura
710 2659 730 2700 a
752 2635 782 2700 D
806 2635 934 2699 litterae
963 2633 1175 2718 similitudine
1198 2635 1224 2698 P
1247 2635 1343 2720 absit,

197 2764 269 2808 cum
293 2742 423 2808 aliunde
446 2745 575 2808 constat
597 2745 667 2807 tum
690 2741 792 2825 ipsius
813 2737 973 2806 CVPIDO
992 2739 1080 2806 vocis
1099 2741 1246 2826 exemplo
1269 2765 1341 2826 per·

197 2849 279 2934 spici
301 2831 451 2935 potesta
473 2849 539 2914 aa.
562 2847 668 2933 xvn,
691 2849 743 2914 29.
786 2846 848 2930 [cf.
872 2846 906 2913 c.
924 2847 950 2912 1.
968 2846 1003 2912 u.
1026 2845 1043 2910 1
1065 2868 1096 2911 n.
1115 2846 1181 2928 aa]

287 2955 313 3023 0
354 2956 528 3022 Praeneste
551 2956 614 3022 nisi
638 2955 823 3021 coniectura
849 2955 938 3020 fallit
965 2953 1136 3020 oriundum
1159 2975 1238 3038 quae
1261 2957 1341 3042 figu-

195 3085 249 3129 ras
272 3061 380 3149 habet
404 3086 458 3132 cas
482 3085 611 3148 sperare
620 3063 711 3128 licat
733 3063 803 3128 fora
822 3066 858 3128 ut
876 3061 1062 3148 propediem
1082 3060 1224 3126 eiusdem
1244 3063 1340 3128 Insti-

195 3171 259 3236 tuti
285 3171 373 3236 illius
400 3171 449 3236 vcl
477 3169 622 3236 Annales
656 3170 705 3235 vel
733 3168 943 3234 Monumenta
975 3172 1051 3233 ante
1084 3168 1193 3233 oculos
1224 3192 1340 3256 propo·

56 3275 68 3302 ¹
196 3277 322 3364 nant.*)
341 3277 468 3342 Mecum
484 3277 571 3342 solas
585 3276 812 3360 inscriptiones
827 3275 1081 3340 communicatas
1096 3295 1165 3339 esse
1180 3275 1340 3364 doleo**):

197 3405 331 3471 quarum
357 3383 455 3448 tertia
483 3382 615 3448 dubium
643 3403 708 3446 non
736 3385 786 3445 est
813 3380 891 3464 quin
920 3379 1187 3460 Βελλεροφόντην
1215 3389 1340 3468 aequet.

197 3491 287 3570 Quod
324 3511 443 3557 nomen
484 3510 555 3554 cum
593 3485 712 3552 rationi
749 3485 978 3551 convenienter
1008 3485 1246 3568 Bellerophonte
1282 3491 1340 3556 fiat

195 3671 268 3724 teste
281 3666 402 3722 Braunio
418 3663 556 3722 Bruanins
576 3662 732 3734 suspicatur
751 3679 768 3716 a
786 3677 870 3716 manu
889 3659 999 3714 novicia
1017 3676 1083 3715 esse.
1097 3693 1129 3702 —
1148 3661 1171 3715 0
1189 3663 1285 3719 Volcis
1303 3665 1338 3720 ab

195 3757 294 3813 eodem
308 3757 420 3826 reperta
433 3752 588 3823 inscriptio,
602 3769 674 3822 quae
692 3751 828 3821 impressa
846 3753 890 3806 est
904 3764 988 3804 ansae
1003 3749 1063 3804 eius
1080 3750 1155 3820 gotti
1174 3751 1252 3806 cuius
1270 3753 1339 3822 figu-

194 3862 255 3901 ram
274 3844 326 3900 sub
344 3861 360 3899 o
379 3843 452 3899 dedi.
489 3843 621 3899 Eiusdem
643 3841 764 3898 nominis
789 3843 857 3895 nota
879 3839 1044 3910 insignitum
1066 3840 1211 3894 vasculum
1230 3840 1338 3896 similli-

194 3953 271 3990 mum
289 3933 379 3989 Musei
397 3919 572 3988 XircharIani
590 3930 739 3987 Garruccio
757 3933 866 4001 praesto
885 3928 947 3997 fuit,
967 3927 1044 3984 cuius
1063 3928 1221 3998 exemplum
1239 3929 1339 3984 tabula
1445 3957 1449 3964 ·

193 4025 290 4080 nostra
306 4023 345 4077 XI
364 4024 415 4078 sub
433 4023 467 4078 K
482 4021 651 4080 exhibebat’
690 4021 719 4077 G.
735 4020 791 4092 W.]

283 4111 496 4183 *)[cf.8upp1.
521 4111 618 4165 Enarr.
643 4128 670 4180 p.
687 4115 750 4165 102:
780 4108 816 4163 ‘0
835 4108 979 4179 speculam
1006 4107 1180 4177 publicatum
1208 4123 1281 4161 nunc
1307 4107 1337 4162 in

193 4203 316 4257 Monam.
340 4201 405 4258 inst.
428 4201 503 4255 arch.
522 4199 602 4255 Rom.
626 4201 646 4254 t.
667 4198 704 4252 VI
726 4198 783 4254 tab.
804 4197 894 4252 XXIX
917 4195 1059 4252 enarravit
1080 4195 1101 4251 1.
1116 4195 1220 4250 Roulen
1237 4198 1337 4255 Annal.

192 4294 213 4347 t
234 4290 324 4346 XXXl
343 4291 475 4358 (9,.1859)
494 4308 520 4359 p.
537 4295 588 4343 135
602 4287 674 4358 sqq.'
714 4286 742 4342 Ο.
758 4286 815 4358 W.]

265 4380 437 4452 ”)[1aque
460 4377 557 4448 Suppl.
581 4377 678 4432 Enarr.
701 4393 728 4446 p.
745 4379 795 4429 102
823 4373 905 4428 huius
926 4364 1037 4443 hucque
1061 4373 1167 4445 speculi
1185 4374 1335 4448 Imaginem

195 4469 282 4526 oculis
302 4469 457 4527 subiectum
476 4483 536 4525 esse
556 4466 646 4523 voluit
663 4464 840 4522 Ritschelius.
879 4462 907 4522 C.
922 4465 980 4538 W.]
