3216 5082
270 399 318 446 na
341 399 601 448 usou1rrnr10ss
626 401 773 461 stnlu
796 401 929 448 nnuma
951 399 1224 449 ssoosmrioss.
1269 384 1333 447 447

192 541 253 605 mis
267 539 342 607 Cois
366 547 653 608 commemoratum
677 567 696 608 a
715 544 899 610 Letrounio.
913 561 924 580 ’
940 543 992 608 Ad
1016 543 1100 608 idem
1118 564 1221 629 genus
1244 566 1335 610 aceu-

192 648 288 714 sativi
311 650 475 733 pertinent
497 649 644 717 ΑΚΕΣΙΝ
669 649 701 714 Ιι.
720 673 745 715 e.
767 650 916 728 Ἀκέειον,
943 649 1191 718 ΑΦΡΟΔΕΙΣΙΝ
1218 651 1334 716 ΕΛΛΑ-
1422 721 1425 728 ,

191 757 260 820 ΔΙΝ
285 753 482 822 ΣΙΒΥΡΤΙΝ.
529 755 633 832 Quid?
663 757 748 840 quod
771 758 975 824 ΑΠΟΛΛΩΝΙ
1004 761 1037 822 et
1060 757 1249 824 ΣΥΜΦΟΡΙ
1273 757 1335 821 for-

190 884 259 926 mes
289 859 323 927 O.
350 862 383 948 1„
400 863 487 927 3096
519 863 698 928 rectissime
729 867 766 926 ut
798 864 925 928 videtur
955 863 1136 930 Boeokhius
1169 864 1335 930 vocativos

189 967 422 1052 interpretatus
446 973 497 1034 est
519 969 583 1034 vol.
602 969 635 1033 Π
657 993 689 1053 p.
703 969 776 1034 682.
817 969 878 1034 His
908 969 1014 1034 neutri
1043 971 1171 1054 generis
1202 970 1336 1036 nomina

190 1075 372 1158 suecedent,
391 1075 459 1139 sive
478 1098 516 1140 ea
536 1079 612 1140 sunt
629 1075 800 1140 mulierum
819 1079 856 1139 ut
874 1076 1099 1141 ΕΛΕΥΘΕΡΙΝ
1125 1073 1362 1141 ΚΑΛΛΙΣΤΙΝι

190 1182 424 1260 ΦΙΛΗΜΑΤΙΝ,
458 1181 632 1264 ΖΩΕΑΡΙΝἸ
657 1179 692 1246 Ο.
719 1181 744 1246 Ι.
775 1182 875 1265 2410,
913 1183 1088 1248 ΑΡΤΕΜΙΝ
1120 1182 1207 1246 2729
1236 1178 1347 1266 (quod

190 1290 374 1373 exemplum
398 1288 459 1353 etsi
482 1289 639 1356 incertum
663 1292 725 1372 est,
753 1292 862 1355 tamen
886 1287 924 1352 de
948 1287 1111 1368 Ἀρτέμιον
1133 1288 1335 1354 nominativo
1386 1272 1399 1282 ”

189 1395 332 1461 dubitari
354 1417 421 1460 non
444 1395 566 1480 patitur
588 1418 619 1460 n.
639 1393 731 1482 695):
755 1395 823 1460 sive
846 1395 975 1460 urbium
998 1399 1034 1466 ut
1058 1397 1213 1462 ΕΙΚΟΝΙΝ
1236 1394 1334 1460 ΚΙΤΙΝ

189 1502 275 1588 apud
297 1501 500 1567 Richterum:
529 1500 597 1566 sive
626 1501 688 1564 viri
711 1504 748 1566 ut
771 1499 1005 1568 ΣΤΡΟΥΘΕΙΝ
1031 1523 1050 1564 a
1073 1499 1249 1566 Letronnio
1272 1499 1335 1564 dis-

188 1613 351 1694 ceptatum
381 1609 681 1687 1ι.ο.Στρού6ειον
713 1609 822 1690 potius
850 1629 947 1692 quam
975 1607 1166 1689 Στρούθιον,
1197 1629 1335 1691 quocum

78 1757 82 1770 -
188 1716 332 1781 conferre
364 1715 441 1779 lieet
473 1714 671 1779 ΑΘΗΝΑΕΙ(
710 1713 807 1777 semel
840 1713 996 1796 seriptum
1030 1711 1065 1776 C.
1091 1712 1115 1776 I.
1144 1713 1222 1795 623,
1255 1713 1334 1778 item

190 1823 362 1889 ΝΟΝΝΕΙ(
395 1825 427 1885 et
455 1821 557 1886 ΓΑΕΙ(
588 1841 724 1903 qourum
751 1819 836 1883 infra
864 1820 984 1884 mentio
1012 1819 1081 1883 fiet:
1118 1841 1175 1884 seu
1198 1819 1336 1903 denique

188 1929 462 2013 appellativorum
486 1931 522 1990 ut
536 1926 739 1992 ΜΑΡΤΥΡΙΝ
765 1927 909 1992 (ΤΑΔΙΝ
930 1947 989 2010 pro
1008 1901 1181 2006 puprl'rpiov
1199 1926 1335 2004 (τάδιον,
1379 1967 1381 1974 >

188 2035 267 2098 item
285 2057 345 2118 pro
365 2033 493 2098 παιδίον
517 2033 642 2098 ΠΕΔΙΝ
667 2033 753 2117 apud
772 2031 939 2098 Osannum
957 2056 988 2117 p.
1002 2033 1078 2118 456,
1100 2035 1229 2100 ΠΑΔΙΝ
1251 2032 1336 2116 apud

189 2141 389 2207 Boeokhiurn
412 2163 442 2205 n.
462 2140 559 2205 2890.

279 2247 402 2314 Verum
426 2249 464 2314 de
484 2271 518 2313 re
537 2271 610 2314 oum
629 2249 709 2314 setis
728 2253 900 2334 constaret,
918 2253 1029 2316 tamen
1048 2248 1282 2314 diversissimas
1301 2247 1336 2310 in

189 2361 297 2440 partes
321 2357 404 2422 itum
428 2361 479 2420 est
506 2356 545 2419 de
569 2361 676 2422 aetate
701 2359 797 2441 atque
825 2356 985 2440 dignitate
1013 2356 1127 2420 talium
1150 2354 1336 2419 formarum.

191 2461 374 2530 Senescenti
402 2486 457 2528 eas
482 2463 659 2528 Graecitati
687 2465 738 2528 vel
765 2464 936 2528 barbariae
963 2462 1184 2528 hellanistieae
1212 2459 1335 2544 Byzan-

189 2570 314 2636 tinaeve
347 2592 420 2634 oum
448 2568 613 2634 Boeokhio
642 2569 753 2654 (soll
780 2591 811 2652 p.
830 2567 911 2654 475)
944 2568 1130 2634 Welskerus
1162 2567 1336 2634 Richterus

189 2676 347 2744 Frenzius
371 2675 571 2758 tribuebant,
604 2675 735 2760 eiusque
763 2675 871 2741 iudicii
903 2697 969 2742 non
997 2697 1067 2740 eam
1095 2676 1223 2740 tantum
1247 2695 1335 2740 osus·

190 2805 259 2846 sam
282 2781 467 2846 habuerunt
490 2781 574 2866 quod
597 2781 728 2846 illorum
756 2782 925 2848 titulorum
949 2803 1062 2866 reapse
1084 2781 1193 2849 nullus
1216 2780 1336 2846 vetusti

189 2887 346 2973 temporis
380 2892 443 2970 est,
476 2886 571 2951 multi
600 2887 729 2952 infimae
763 2887 932 2972 aetatis*),
964 2888 1020 2952 sed
1051 2887 1212 2972 potiorem
1244 2887 1336 2971 hene,

189 2997 274 3082 quod
299 2995 492 3062 recentiores
516 2997 613 3078 etque
636 2994 716 3060 adeo
739 2993 911 3060 hodiernos
930 2993 1070 3061 Graecos
1094 2999 1224 3060 constat
1245 3015 1335 3078 pror·

190 3127 244 3168 sus
273 3103 312 3169 de
340 3101 571 3168 consuetudine
596 3101 644 3164 ιὀῑ
674 3104 707 3165 et
729 3104 781 3166 io'v
809 3101 967 3185 syllabas,
1000 3122 1037 3166 ao
1068 3105 1198 3186 praeter
1227 3105 1336 3168 uetera

189 3214 259 3288 ρἰο(
286 3215 371 3293 ρἰον,
403 3209 437 3274 in
459 3212 488 3272 1‘c
512 3213 544 3272 et
568 3211 598 3271 ιν
627 3205 832 3291 conuehere,
869 3211 906 3272 ut
933 3207 1125 3287 Ἰονουάριοε
1155 3207 1335 3288 Ἰανουάριε,

189 3314 347 3394 ποδάριον
376 3314 514 3393 ποδάριν
542 3309 639 3398 (unde
667 3335 776 3378 narsus
800 3313 917 3392 ποδὰρι
945 3313 1066 3397 prodiit
1092 3316 1253 3380 communi
1277 3338 1336 3380 usu

189 3441 274 3486 nuno
302 3416 494 3503 receptum:
527 3417 614 3503 quod
640 3439 741 3502 genus
775 3419 994 3502 exemplorum
1026 3418 1233 3487 multitudine
1263 3425 1337 3504 post

189 3525 394 3614 Ducangium
422 3547 495 3590 oum
524 3521 644 3590 Corses
677 3523 863 3588 inlustravit
894 3523 966 3588 adn.
993 3523 1028 3586 in
1055 3521 1216 3591 Heraclid.
1243 3526 1337 3595 Pout.

190 3654 221 3717 p.
239 3631 315 3714 353,
336 3631 415 3694 item
439 3628 598 3695 Ἀτάκτων
621 3628 637 3692 1
660 3651 690 3713 p.
709 3630 750 3694 47
776 3633 809 3694 et
829 3630 903 3714 310,
926 3634 995 3706 tum
1020 3651 1123 3715 nuper
1140 3629 1336 3700 Mellaehius

190 3739 224 3802 in
243 3737 400 3802 Demetrii
419 3735 497 3800 Zeui
515 3735 667 3820 paraphr.
687 3735 891 3802 Batrachum.
910 3761 939 3822 p.
954 3737 998 3802 55
1019 3741 1052 3805 et
1069 3737 1103 3802 in
1122 3741 1336 3822 grammatice

189 3846 321 3930 linguae
351 3841 405 3908 Gr.
433 3841 519 3925 vulg.
550 3865 581 3926 p.
607 3842 670 3906 173
695 3864 740 3926 sq.
774 3845 874 3924 [nuno
903 3841 1086 3930 Deffnerus‚
1120 3848 1336 3927 Νεοελληνικὰ

279 4057 304 4124 *)
324 4051 456 4109 Consulto
475 4069 560 4122 supra
577 4053 680 4108 multo
689 4070 794 4132 *eorum
814 4055 895 4110 omisi
909 4072 978 4124 quos
993 4055 1165 4113 Christianos
1184 4075 1244 4114 esse
1258 4061 1335 4115 eerto

191 4147 309 4212 constat,
329 4141 460 4213 Corporis
475 4143 496 4196 I.
511 4141 542 4196 G.
562 4141 703 4196 volumine
723 4142 759 4195 IV
781 4143 923 4210 collectos,
942 4147 974 4200 ut
992 4163 1019 4214 p.
1034 4151 1085 4199 666
1105 4147 1232 4202 ΑΠΟΨΙ(
1251 4149 1336 4203 ΑΠΟ·

190 4234 281 4288 ΨΙΔΙΝ
300 4233 450 4288 ΤΟΠΑΡΙΝ
475 4232 686 4285 ΧΡΥΕΕΛΑΔΙΝ
710 4231 866 4300 ΦΟΙΝΙΚΙΝ,
890 4233 958 4288 item
977 4234 1115 4289 ΤΑΡΑΕΙ(
1138 4254 1165 4290 ιι.
1180 4243 1258 4304 9959,
1283 4239 1335 4293 Α(-

192 4321 315 4376 ΚΛΗΠΙ(
333 4326 412 4388 9666,
438 4321 590 4374 ΜΕΓΡΙΚΙ(
609 4325 687 4386 9556,
718 4321 895 4376 ΑΦΡΟΔΙΕΙ(
915 4327 993 4391 9589,
1022 4323 1238 4380 ΧΑΛΚΗΔΟΝΙ(
1257 4333 1336 4397 9597,

191 4409 356 4464 ΘΕΟΔΟΟ(
375 4415 456 4476 9696,
475 4409 605 4464 [rieule
621 4415 701 4475 9612,
718 4411 893 4465 ΔΗΜΗΤΡΙΣ
908 4417 985 4467 9616.
1002 4418 1081 4478 9716,
1099 4413 1239 4470 ΠΕΛΑΓΙ(
1255 4423 1334 4486 9664,

193 4497 349 4552 fossore(
367 4505 445 4554 9696.
