3116 5066
257 335 318 400 138
527 349 748 398 uonvuanm
771 325 1004 397 arrearraics
1028 347 1117 395 ran.

253 493 295 558 P·
307 495 334 559 T
346 529 352 542 ·
364 493 446 560 SEX
463 531 469 544 ·
484 493 758 560 HERENNIEIS
773 529 780 541 ·
796 491 879 558 SEX
890 527 897 541 ·
908 491 934 556 F
943 527 947 540 ·
963 489 1206 556 SVPINATES
1230 494 1408 576 apparent,

252 603 305 668 vel
337 603 474 688 denique
502 601 676 668 Formiana
703 601 791 666 4102
823 621 933 665 rursus
965 596 1207 674 clSDEMQVE
1240 596 1408 664 PROBA·

252 708 371 774 VERE
396 707 560 794 sistens.*)
607 706 740 774 Certum
767 707 868 794 igitur
895 705 1139 772 tundamentum
1167 704 1281 789 habes,
1312 707 1408 772 unde

252 815 419 900 profectus
446 815 539 882 ualde
566 813 838 881 inconsideratum
869 811 1021 878 Freundii
1049 811 1203 877 iudicium
1232 813 1411 900 reprimas,

254 922 294 987 ad
318 921 442 988 Tiberii
470 923 551 1007 Imp.
575 943 689 987 aevum
713 919 872 986 Coronam
900 919 992 984 illam
1020 917 1117 984 Orell.
1136 919 1223 985 3808
1252 917 1302 1000 [O.
1321 919 1351 987 Ι.
1372 921 1410 985 L.

252 1027 269 1092 Ι
291 1051 322 1095 n.
344 1029 443 1115 11493
472 1029 506 1096 P.
524 1028 559 1094 L.
578 1027 621 1093 M.
640 1029 677 1094 Ε.
701 1028 767 1094 tab.
786 1025 924 1093 LXVHI
935 1025 979 1108 O]
1004 1026 1167 1092 reicientis
1190 1025 1296 1091 Musei
1321 1027 1410 1111 phil.

254 1133 322 1200 tV
345 1157 376 1220 p.
396 1135 474 1200 606:
503 1132 821 1216 M·MANLIVS**)
848 1131 1280 1199 M·F·L·TVRPILIVS
1302 1133 1411 1198 L-F-

253 1240 512 1307 DVOMVIRES
537 1279 577 1289 —
600 1279 642 1290 ·—
667 1239 997 1308 OOERAVERVNT
1021 1239 1278 1318 EISDEMQVE
1301 1241 1412 1308 PRO-

254 1347 449 1414 BAVERE:
472 1370 568 1433 quem
590 1349 744 1414 nimirum
766 1349 1017 1434 metaplasmum
1031 1347 1222 1434 Hartungus
1245 1349 1412 1435 interpre

256 1459 346 1522 tatur
368 1456 407 1521 de
430 1455 558 1520 casibus
582 1455 666 1521 libro
689 1478 720 1541 p.
735 1455 809 1524 252.
849 1456 933 1522 Eam
956 1459 1065 1520 tamen
1088 1455 1342 1540 inscriptionem
1369 1480 1413 1522 ne

257 1563 298 1628 ad
327 1561 461 1648 Sullana
493 1563 620 1648 quidem
652 1567 801 1647 tempora
832 1567 918 1628 recte
955 1562 1073 1628 referre
1101 1561 1290 1628 Henzenum
1327 1564 1412 1630 ibid.

255 1671 278 1734 t.
294 1667 342 1733 VI
364 1691 394 1753 p.
414 1667 478 1734 615
502 1669 668 1753 concedet,
692 1670 746 1754 qui
770 1669 873 1734 multo
895 1669 985 1753 prius
1004 1689 1149 1734 cessasse
1171 1668 1224 1735 ΕΞ
1247 1673 1412 1737 termina-

255 1776 355 1841 tionis
378 1798 472 1842 usum
495 1777 703 1862 reputaverit.
734 1776 803 1843 Nec
823 1773 970 1841 Caesaris
994 1776 1188 1842 auctoritate
1206 1777 1412 1863 interposita

255 1883 428 1967 quicquam
451 1883 485 1949 in
507 1884 704 1950 contrariam
727 1887 854 1968 partem
877 1881 1009 1966 poteris,
1031 1881 1070 1947 de
1090 1905 1152 1968 quo
1171 1883 1218 1948 sic
1233 1880 1412 1952 Charisius

216 2009 243 2048 ro
255 2011 286 2074 p.
309 1990 352 2054 86
379 1989 533 2073 prodidit:
566 1989 608 2056 Is
637 1989 726 2056 mmo
757 1990 851 2055 idem
882 1991 1080 2072 compositum
1109 1989 1203 2070 fucit:
1235 1992 1302 2056 nisi
1331 1996 1412 2077 qum

256 2095 371 2162 caesar
394 2096 471 2162 libro
488 2099 618 2163 scatade
630 2097 830 2179 aepulari&
850 2097 959 2176 idem,
977 2095 1145 2179 pluraliter
1166 2097 1282 2163 isdem
1304 2101 1411 2167 dem-

255 2205 330 2270 dum
356 2204 515 2287 affimant:
546 2204 600 2268 secl
629 2205 810 2270 cousuetudo
836 2202 891 2268 hoc
912 2223 975 2268 non
1001 2207 1112 2268 seruat.
1158 2201 1247 2279 Quae
1270 2205 1301 2270 si
1326 2229 1413 2273 sana

257 2314 346 2394 sunt,
369 2309 453 2376 credi
477 2309 532 2376 illc
555 2309 684 2394 poterit,
707 2313 745 2373 ut
766 2311 847 2374 idem
869 2309 957 2378 tomo
988 2310 1029 2376 ab
1052 2311 1133 2375 idem
1155 2310 1267 2394 (adun
1295 2312 1411 2402 iidem)

256 2419 392 2484 lominus
419 2417 669 2502 discerneretur,
699 2417 897 2504 aliquamdiu
925 2419 1173 2483 intermortuam
1196 2419 1413 2509 scripturam,

257 2525 313 2590 scd
335 2547 417 2610 quae
440 2525 558 2593 vixerit
579 2529 688 2591 tamen
712 2525 804 2610 olim,
827 2525 1012 2592 resuscitari
1035 2525 1181 2610 iussisse,
1204 2547 1411 2616 quamquam

258 2635 326 2700 siue
350 2637 478 2700 eventu·
494 2633 634 2699 iussisse.
681 2631 802 2718 Quodsi
831 2631 870 2696 de
893 2631 1143 2715 transponendis
1167 2629 1313 2700 Charisii
1337 2659 1411 2702 ver·

256 2740 308 2805 bis
330 2739 546 2826 Nipperdeius
569 2763 601 2826 p.
616 2739 679 2806 ‘157
704 2740 842 2826 cogitat,
871 2738 934 2803 hoe
961 2738 1070 2804 modo:
1100 2739 1163 2805 ttici
1189 2741 1265 2822 qaia
1288 2742 1412 2810 Cacsar

258 2848 334 2912 libro
366 2848 494 2912 amado
525 2847 619 2912 idem
645 2847 822 2930 pluraliter,
860 2845 1061 2929 sicpulczritcr
1096 2847 1209 2912 isdem
1240 2849 1412 2917 dicendum

346 3040 372 3110 r)
392 3039 445 3112 [cr.
466 3041 495 3096 c.
515 3041 535 3096 1.
555 3041 586 3096 1..
606 3041 618 3094 1
637 3045 757 3106 ansa
778 3038 810 3096 P.
825 3039 857 3094 a.
872 3038 908 3096 u.
924 3040 955 3096 a.
974 3039 1032 3095 aa.
1047 3039 1095 3094 ux
1108 3039 1142 3094 rr
1158 3042 1187 3096 et
1206 3039 1303 3098 unm.
1325 3061 1353 3114 p.
1366 3053 1411 3115 ss,

257 3127 306 3185 ubi
323 3128 393 3184 bace
412 3128 525 3200 scripsit
538 3129 722 3187 Ritschelius:
743 3126 934 3183 ‘Formianum
953 3127 1006 3184 etsi
1025 3128 1144 3184 «litteris
1163 3129 1299 3186 vetustis»
1319 3134 1411 3206 scrip-

256 3219 318 3272 tum
332 3219 519 3273 Mommsenus
537 3218 558 3273 1.
578 3219 611 3273 a.
630 3218 664 3273 N.
679 3223 749 3272 4102
769 3233 818 3272 suo
838 3215 897 3272 iure
916 3215 1001 3286 dixit,
1019 3219 1114 3272 tamen
1132 3219 1246 3288 propter
1264 3219 1412 3278 MVRVM

258 3309 288 3362 et
307 3306 503 3362 CVRAVERE
523 3307 699 3378 scripturam,
717 3305 752 3362 de
771 3323 828 3376 qua
841 3305 888 3377 egi
902 3305 976 3361 Mon.
991 3305 1077 3375 epigr.
1093 3307 1126 3360 tr.
1146 3323 1174 3376 p.
1188 3307 1236 3375 Vl,
1254 3324 1314 3364 non
1330 3309 1410 3367 vide·

258 3397 304 3450 tur
322 3396 415 3453 medio
434 3397 545 3452 saeculo
563 3396 682 3467 septimo
701 3411 780 3466 posse
799 3393 941 3464 antiquior
959 3393 1076 3448 haberi)
1116 3393 1146 3450 0.
1160 3395 1218 3468 W.]
1308 3439 1315 3464 ,

336 3487 378 3555 **)
398 3485 497 3556 [Immo
515 3483 750 3553 nucumve,
769 3485 803 3540 cf.
817 3484 988 3540 ltitacheliua
1007 3485 1096 3541 Musei
1109 3485 1197 3541 Rhea.
1216 3487 1290 3542 ΗΧ
1311 3505 1340 3560 p.
1359 3497 1411 3547 1⁶7

259 3577 304 3644 (a
324 3575 423 3645 Opusc.
443 3575 470 3630 ll
487 3593 514 3645 p.
530 3578 591 3646 648)
616 3577 645 3632 et
663 3573 758 3630 Enarr.
777 3574 835 3629 tab.
855 3591 908 3630 ss.
926 3593 953 3644 p.
965 3579 1008 3642 60,
1027 3574 1075 3629 ubi
1093 3575 1162 3630 haec
1181 3576 1308 3647 scripsit:
1332 3580 1412 3636 ‘Nou

258 3663 313 3720 luit
331 3665 424 3720 autem
444 3667 542 3720 auctor
560 3665 642 3720 huius
659 3664 737 3719 tituli
756 3663 804 3734 qui
823 3665 858 3720 ab
877 3663 1005 3719 omnibus
1023 3667 1139 3734 putatur
1153 3681 1217 3720 curn
1231 3665 1260 3719 L.
1276 3665 1411 3740 Turpilio

258 3753 479 3808 n-nanulvs
499 3753 621 3822 qnidam,
640 3753 688 3808 sed
708 3753 932 3808 M·MAELIVS.
962 3753 1019 3808 Nec
1039 3753 1113 3808 enim
1130 3755 1182 3808 AN
1200 3755 1310 3810 litteras
1331 3757 1410 3815 lacu·

258 3861 311 3900 nae
330 3842 451 3914 spatium
471 3843 555 3913 capit,
575 3861 625 3898 nec
644 3843 849 3914 neglegendum
866 3842 921 3898 fuit
938 3843 1013 3912 quod
1028 3843 1093 3898 ante
1107 3843 1188 3898 LlVS
1207 3843 1236 3898 in
1249 3843 1307 3901 imo
1324 3865 1411 3904 versu

259 3934 396 4003 superstes
415 3933 458 3988 est
476 3933 602 4003 quamvis
620 3931 755 4003 pusillum
773 3932 921 4004 vestigium
940 3931 1006 3988 talia
1023 3931 1134 3988 litterae
1154 3949 1226 4002 quae
1245 3937 1295 3989 aut
1314 3935 1338 3990 L
1358 3941 1412 3993 ant

259 4022 281 4076 a
302 4039 361 4078 esse
380 4021 481 4094 potuit,
499 4039 555 4078 non
574 4023 666 4094 potuit
680 4025 717 4078 N:
737 4023 814 4078 cuius
833 4023 874 4078 rei
892 4025 922 4078 et
935 4021 1078 4078 oculatum
1096 4023 1197 4078 tactem
1211 4023 1303 4080 habeo
1318 4026 1411 4084 Brun-

259 4111 337 4167 nium
356 4115 511 4167 et'mutum
529 4111 676 4169 chartaceo
699 4115 800 4183 ectypo
823 4129 984 4184 expressum
1008 4113 1175 4185 exemplum,
1201 4113 1230 4168 in
1249 4131 1305 4184 quo
1325 4133 1409 4188 repu-

259 4201 376 4257 tandum
398 4203 442 4257 est
459 4201 572 4272 octuplo
591 4199 726 4257 maiorem
744 4201 858 4256 titulum
877 4217 1020 4273 apparere.
1062 4201 1100 4257 Et
1116 4219 1214 4274 reapse
1232 4202 1409 4273 MALLIVS,

259 4308 315 4346 non
333 4291 507 4362 MANLIVS,
526 4291 633 4346 editum
651 4293 695 4347 cat
713 4291 781 4346 olim
799 4309 816 4346 a
834 4291 978 4346 l'abrsttio
997 4309 1025 4362 p.
1040 4297 1091 4346 sta
1110 4309 1136 4346 n.
1152 4297 1212 4347 628.
1237 4293 1342 4348 Verum
1358 4295 1409 4366 qui

259 4378 353 4433 metiri
370 4379 521 4437 intervalla
539 4383 623 4450 volet,
642 4381 724 4438 facile
743 4398 778 4437 nc
797 4383 819 4436 L
838 4381 951 4450 quidem
965 4381 1090 4437 litteram
1105 4381 1252 4438 convenire
1270 4380 1301 4436 in
1319 4383 1408 4452 spatii

260 4467 403 4542 angustias
422 4469 577 4554 intelleget,
596 4471 644 4527 sed
663 4487 746 4526 unam
765 4465 788 4524 E
807 4470 859 4525 illa
876 4469 1020 4544 aliquanto
1039 4471 1216 4529 breviorem?
1256 4469 1286 4528 Ο.
1300 4469 1366 4542 W.]J
