3166 5084
369 389 474 438 nnors
497 389 648 437 nvsnrsn
672 388 759 436 enos
783 387 988 436 svnsnsrns
1207 367 1250 432 43

126 531 197 596 idei
223 533 325 598 frondi
358 555 521 619 poenaeue
549 555 589 598 ne
621 537 707 598 esto:
735 531 884 618 quodque
911 531 960 594 ito
989 526 1120 616 facttum
1145 531 1251 594 aetum

126 639 231 706 iussum
253 642 322 726 erit,
347 641 378 706 id
402 643 452 706 ius
475 645 647 726 ratumque
671 643 750 705 esto.
796 661 859 724 quo
883 637 989 703 minos
1013 637 1045 702 in
1071 659 1154 720 eum,
1177 635 1252 721 quei

115 747 163 811 'ite
180 751 185 827 Ι
202 748 417 814 uadimonium
450 748 588 814 Romam
622 770 661 812 ex
693 746 821 812 decreto
854 745 936 829 eius,
970 745 1044 829 quei
1075 743 1141 809 ibei
1173 743 1253 808 iuret

126 853 253 920 dorato
274 857 416 940 praeerit,
438 877 505 922 non
528 853 751 940 promeisserit
770 856 776 934 Ι
796 857 853 918 eut
875 851 1035 918 uindicem
1058 850 1251 934 loeupletem

125 959 165 1024 its
183 985 241 1028 non
262 962 394 1047 dederit,
418 963 459 1028 ob
483 981 555 1027 eam
578 982 642 1026 rem
660 959 816 1026 indicium
834 959 1101 1043 recuperatorem
1118 959 1156 1042 is,
1179 957 1252 1042 quei

128 1063 132 1147 Ι
152 1067 209 1133 ibsi
229 1070 303 1134 iorei
326 1069 474 1136 domando
497 1071 647 1154 praeerit,
670 1091 708 1134 ex
731 1068 792 1132 hoo
814 1068 876 1151 lopo
898 1066 954 1132 det
975 1065 1192 1150 iudieereique
1215 1063 1253 1129 do

127 1197 160 1238 eo
178 1198 207 1240 re
227 1177 286 1242 ibei
310 1181 410 1261 ouret,
433 1201 471 1241 ex
494 1178 555 1244 hae
577 1177 639 1261 lopo
660 1176 740 1242 nibil
762 1179 896 1260 ropotur.
917 1173 922 1261 Ι

86 1280 153 1344 rod
178 1306 233 1367 quo
262 1283 338 1368 quid
370 1287 499 1367 prseter
531 1283 700 1368 pecuniam
735 1285 856 1347 certem
889 1281 1058 1364 creditam,
1092 1280 1252 1366 signatam
1266 1272 1361 1340 XXII

127 1387 222 1454 forms
241 1391 361 1474 publiea
383 1391 506 1475 popsdei
527 1389 688 1474 Romooei,
708 1393 713 1469 Ι
733 1389 768 1453 in
792 1410 903 1454 sorum
926 1411 989 1473 quo
1015 1389 1127 1472 oppido
1150 1388 1253 1452 moni·

127 1495 197 1576 cipio
217 1498 329 1563 colonio
348 1497 541 1582 praefectura
564 1518 635 1574 eoro
657 1498 725 1562 uioo
749 1496 949 1562 oonsiliobulo
974 1496 1149 1580 castellone,
1172 1518 1254 1580 quoe

129 1605 195 1665 sont
214 1607 340 1669 erontue
363 1605 398 1670 in
421 1603 528 1670 Gallis
552 1605 596 1670 cis
620 1603 747 1688 Alpeis,
767 1606 772 1679 Ι
792 1606 928 1687 petetur,
951 1602 1077 1690 quodue
1100 1624 1198 1687 quom
1216 1625 1254 1668 eo

130 1711 236 1792 egetur,
257 1733 335 1795 quoe
357 1733 410 1776 res
433 1733 498 1776 non
526 1711 629 1796 pluris
652 1709 708 1776 Hs
730 1692 793 1776 {V
812 1711 882 1796 erit,
906 1714 938 1776 et
961 1709 1007 1774 sei
1028 1710 1033 1786 Ι
1054 1731 1092 1774 ee
1114 1731 1164 1774 res
1183 1710 1255 1794 erit,

130 1811 163 1876 de
187 1837 242 1900 qne
266 1839 299 1882 re
328 1818 436 1883 omnei
464 1819 600 1903 pecnnia
628 1818 693 1883 ibei
721 1817 771 1882 ius
799 1818 899 1883 deioei
923 1816 1082 1882 indicione
1104 1817 1193 1882 darei
1216 1839 1254 1881 ex

130 1917 182 1985 hoo
199 1923 253 2008 lopo
272 1925 301 2004 d.
325 1927 480 2010 oportebit,
500 1928 505 2005 Ι
526 1926 572 1990 rei
595 1925 623 1990 is
646 1947 718 1990 eam
737 1948 815 2009 rem,
838 1947 920 2010 quse
943 1925 991 1989 ite
1009 1925 1050 1988 ab
1070 1946 1108 1989 eo
1127 1926 1256 2008 petetur

89 2043 116 2092 ³0
131 2023 199 2092 dene
224 2051 317 2096 esre
345 2054 419 2097 oum
447 2053 484 2097 eo
508 2035 637 2118 egetur,
663 2031 694 2097 ei
723 2033 796 2117 quei
824 2054 895 2097 eam
915 2031 920 2111 Ι
940 2033 1031 2115 petet
1057 2030 1137 2096 dene
1160 2053 1198 2095 ee
1219 2051 1255 2094 re

132 2133 201 2218 agei,
221 2143 272 2204 aot
293 2139 336 2204 iei
354 2139 472 2224 quoius
490 2139 622 2204 nomine
641 2139 682 2202 eb
702 2161 739 2204 eo
759 2141 889 2222 petetur
906 2159 1045 2223 quomue
1065 2160 1103 2204 eo
1123 2133 1256 2224 sgettur,

133 2237 242 2310 iniere
267 2246 351 2331 opud
382 2268 473 2329 eum,
506 2246 579 2332 quei
612 2245 678 2312 ibei
710 2246 789 2311 iorei
820 2246 968 2310 donando
1000 2245 1150 2330 praeerit,
1182 2241 1257 2307 dare

133 2365 219 2424 tacere
241 2358 395 2436 praestare
417 2353 631 2418 restituoreue
658 2355 807 2437 oportere
834 2355 890 2418 out
910 2355 914 2432 Ι
935 2373 970 2418 se
990 2353 1119 2434 debere,
1145 2350 1282 2416 eiusoes

134 2474 192 2520 een
219 2480 280 2524 rem
323 2483 393 2526 esse
427 2465 484 2526 aut
515 2483 550 2526 se
582 2483 653 2526 eom
690 2461 826 2544 hebere,
860 2482 973 2526 eamne
1007 2483 1076 2526 rem
1108 2459 1147 2524 de
1167 2464 1172 2538 Ι
1193 2481 1257 2543 quo

134 2568 265 2646 argueor
290 2589 326 2632 se
353 2567 469 2633 fecisse
497 2567 722 2653 obligetumne
752 2590 785 2632 se
814 2567 882 2632 eius
909 2567 956 2631 rei
983 2567 1158 2632 noxsieeue
1186 2585 1256 2629 esse

135 2667 284 2758 ooniesisus
314 2673 377 2737 erit
405 2673 614 2758 deixseritpe,
646 2697 750 2760 neque
778 2673 815 2739 de
844 2695 884 2738 ea
910 2694 942 2738 re
970 2673 1050 2738 setis
1073 2672 1140 2737 otei
1163 2693 1257 2755 opor·

93 2773 323 2864 testimoniet,
346 2783 403 2844 ont
430 2779 476 2844 sei
500 2779 716 2868 spontsionem
739 2781 829 2846 fierei
853 2781 1027 2866 oportebit,
1051 2779 1256 2865 sponsionem

135 2898 188 2945 non
212 2885 316 2972 iooiet,
348 2909 415 2952 non
448 2888 613 2972 restituet,
633 2892 638 2967 Ι
658 2909 760 2974 neque
789 2911 823 2954 se
852 2887 970 2954 iudicio
998 2889 1064 2954 utei
1094 2887 1258 2972 oportebit

134 2983 271 3078 defendet,
302 2997 360 3059 eut
384 2994 431 3058 sei
454 2994 491 3058 de
514 3015 553 3059 eo
575 2995 664 3060 rein
687 2994 755 3060 iure
776 2999 781 3073 Ι
800 2994 882 3060 nibil
906 2995 1122 3080 responderit,
1153 3017 1257 3080 neque

135 3089 215 3160 drea
234 3121 263 3164 re
289 3123 324 3165 se
352 3100 471 3166 indicio
499 3101 565 3166 utei
593 3101 757 3186 oportebit
784 3101 946 3167 defendet:
967 3101 972 3185 Ι
992 3105 1062 3167 turn
1093 3103 1131 3167 de
1160 3124 1212 3188 eo,
1239 3125 1259 3168 s

135 3217 187 3280 qno
207 3226 240 3270 ee
260 3229 311 3274 res
335 3207 384 3273 ito
405 3211 535 3292 petetur
558 3231 697 3293 quomue
721 3230 758 3274 eo
782 3209 819 3273 de
837 3230 875 3274 ea
893 3229 926 3274 re
943 3208 991 3274 its
1010 3213 1134 3295 egetur,
1157 3209 1257 3295 deque

137 3301 141 3388 Ι
160 3329 191 3374 eo
211 3316 279 3397 quoi
309 3338 380 3381 eom
410 3338 479 3380 rem
508 3317 595 3382 darei
621 3316 709 3382 fueret
731 3317 903 3402 praestaret
924 3317 1054 3382 restitui
1078 3315 1200 3382 satisne
1222 3317 1259 3382 de

94 3423 121 3471 ΙΙ
136 3435 166 3478 eo
184 3441 211 3484 re
229 3423 312 3488 fierei
336 3424 511 3508 oportebit,
531 3429 536 3504 Ι
557 3426 687 3508 siremps
708 3425 758 3490 leo
780 3447 827 3490 ros
849 3425 899 3491 ine
922 3446 1094 3510 onerosaque
1116 3423 1259 3490 ornnibus

135 3529 251 3595 norom
273 3552 377 3596 rerum
400 3535 473 3609 esto,
496 3535 593 3615 etque
617 3531 683 3596 otei
708 3535 795 3596 esset
817 3554 929 3598 essene
952 3535 1127 3618 oporteret,
1151 3531 1198 3597 sei
1220 3531 1258 3614 is,

134 3633 193 3710 quei
212 3636 254 3702 ito
272 3639 277 3724 1
298 3637 373 3723 quid
398 3659 507 3702 earum
531 3660 639 3704 rerum
662 3637 828 3704 confessus
852 3639 914 3703 erit
937 3643 993 3704 aut
1015 3640 1052 3706 de
1079 3661 1118 3704 eo
1139 3660 1172 3704 re
1193 3661 1258 3703 non

134 3743 313 3822 responderit
341 3765 443 3830 neque
462 3746 467 3822 Ι
487 3767 523 3809 se
555 3745 671 3810 iudioio
703 3746 770 3810 otei
804 3745 969 3830 oportebit
996 3745 1188 3828 defenderit,
1219 3746 1259 3810 de

133 3839 181 3907 isis
199 3849 288 3914 rebus
311 3849 433 3916 Romae
457 3850 543 3934 opud
567 3857 745 3935 praetorem,
765 3857 770 3932 Ι
791 3873 904 3916 eumue
928 3854 1002 3936 quei
1026 3853 1064 3918 de
1083 3853 1144 3918 ieis
1162 3835 1258 3917 rebbs

135 3947 236 4019 lionae
259 3959 338 4022 iurei
360 3959 508 4023 domnelo
531 3964 705 4042 praeesset,
732 3959 766 4023 in
789 3959 858 4024 iure
881 3958 1047 4024 confessus
1072 3963 1158 4024 esset
1177 3957 1182 4042 Ι
1203 3964 1259 4024 eut

135 4056 186 4124 ibei
213 4063 247 4129 de
276 4087 315 4130 ea
342 4087 374 4130 re
401 4065 482 4130 nihil
511 4066 731 4150 respondisset
760 4069 818 4130 eut
846 4065 966 4130 iudicio
996 4089 1029 4132 se
1058 4089 1123 4132 non
1151 4065 1257 4131 defen·

98 4176 120 4223 o
135 4162 231 4234 disset:
249 4173 254 4256 Ι
273 4177 468 4258 praetorque,
497 4173 566 4238 isos
593 4173 667 4258 quei
695 4172 732 4236 de
755 4173 816 4238 eois
838 4173 925 4238 rebus
947 4173 1071 4238 Romae
1095 4173 1174 4238 iuret
1197 4173 1257 4239 dei·

140 4418 296 4570 s'bdssfm
372 4427 407 4476 ῃ
426 4421 482 4494 ¹⁰9⁶
501 4421 637 4492 ⁰1²⁰mi²ii
717 4425 751 4474 30
770 4419 837 4490 ssgeb
912 4423 944 4473 31
965 4417 1053 4475 fooere
1128 4425 1163 4476 ³4
1181 4419 1256 4476 deir-

150 4509 181 4550 on
207 4521 237 4560 oo
